4710 5910
1165 319 1186 379 4

379 518 455 583 141
480 541 488 582 ε
512 517 589 603 περί
613 515 650 580 δὲ
670 512 710 581 τό
731 521 867 603 πρᾶγμα
892 521 987 581 τοῦτο
1013 513 1189 594 δαιμονίως
1217 503 1440 590 ἐσπουδακῶς.
1492 512 1569 578 Veri
1595 512 1695 579 simile
1723 512 1848 579 videtur
1875 513 2080 579 Aeschinem

280 627 398 692 dixisse
420 623 598 706 δαιμονίως
618 620 664 700 ῶς
686 614 908 703 ε’σπσυδακῶς,
930 625 1027 690 veluti
1049 624 1214 688 dicebatur
1236 617 1419 707 ὑπερφυῶς
1440 614 1497 698 ῶς,
1519 611 1692 706 ἀμηχάνως
1713 616 1765 701 ῶς,
1796 619 1996 700 θαυμασίως
2016 615 2078 703 ῶς,

279 737 481 816 θαυμαστῶς
501 727 555 809 ῶς,
578 755 674 820 quem
696 731 737 796 ad
759 731 888 796 modum
908 731 977 820 ipse
999 734 1030 795 in
1051 731 1157 817 Epim.
1171 731 1234 795 540
1255 750 1356 813 nuper
1378 726 1419 792 sd
1441 727 1474 791 11
1496 729 1536 793 26
1557 729 1723 814 ingeniose
1749 730 1941 815 proposuisti
1964 750 2077 815 παρα·

282 834 387 923 δόξως
408 837 455 916 ῶς
476 850 509 905 et
531 841 612 905 Plat.
636 839 738 926 Gorg.
760 840 819 905 481
844 839 871 903 B
895 862 902 902 :
925 838 998 919 ἐμοί
1016 839 1077 918 μὲν
1098 838 1188 902 δοκεῖ
1208 832 1387 921 ὑπερφυῶς
1407 832 1454 910 ῶς
1475 827 1683 916 σπουδάζειν.

379 948 487 1013 146:
520 943 575 1013 ε’ἀν
594 945 655 1027 μὲν
676 938 733 1011 οὑν
753 939 897 1034 ἐθελὴση
918 942 939 1011 ὑ
960 940 1130 1030 Μισγόλας
1152 944 1247 1031 δεῦρο
1278 942 1454 1029 παρελθῶν
1479 934 1610 1030 τάληθῆ
1636 944 1861 1029 μαρτυρῆσαι,
1889 939 1931 1008 τά
1961 940 2079 1010 δίκαια

280 1050 429 1142 ποιήσει·
452 1049 508 1121 ἐάν
530 1052 567 1119 δὲ
589 1059 792 1139 προαιρῆται
813 1051 1066 1139 ἐκκλητευθῆναι
1092 1050 1224 1140 [μάλλον
1244 1047 1264 1136 ἢ
1286 1047 1417 1136 τάληθῆ
1437 1051 1634 1139 μαρτυρεῖν],
1660 1048 1752 1133 ὑμεῖς
1772 1045 1809 1116 τό
1837 1046 1911 1116 ὅλον
1937 1052 2078 1136 πρᾶγμα

281 1156 440 1248 συνήσετε.
484 1165 613 1229 Inclusa
633 1163 733 1227 verbe
755 1183 941 1248 expungere
964 1171 997 1225 et
1017 1161 1183 1225 molestam
1205 1161 1297 1224 istam
1319 1159 1543 1245 loquacitatem
1564 1160 1675 1224 tollere
1696 1159 1842 1223 codicum
1874 1157 1968 1223 credo
1997 1181 2075 1223 con·

281 1272 405 1336 dicione
426 1284 588 1358 tamquam
609 1271 764 1357 religione
785 1280 816 1333 et
838 1278 1035 1333 sacramento
1050 1267 1217 1353 adigimur.
1253 1269 1302 1330 Ac
1316 1287 1445 1353 prorsus
1461 1266 1595 1331 eandem
1612 1265 1769 1330 medelam
1783 1264 1954 1330 adhibuisti
1970 1288 2077 1353 nuper

279 1380 311 1443 in
333 1381 372 1443 iis
394 1400 477 1464 quse
500 1389 649 1442 secuntur
664 1400 671 1440 :
688 1372 719 1441 εί
731 1372 795 1462 γάρ
817 1370 835 1440 ό
854 1375 914 1456 μὲν
934 1365 1068 1457 πράξας
1088 1370 1289 1455 αἰσχυνεῖται
1310 1372 1363 1439 καί
1379 1368 1620 1460 προαιρήσεται
1639 1372 1749 1453 χιλίας
1764 1371 1914 1458 δραχμάς
1929 1371 2077 1463 [μᾶλλον]

281 1482 439 1553 ἀποτῖσαι
459 1487 506 1569 τῶ
529 1484 688 1571 δημοσίῳ,
710 1484 765 1548 ubi
787 1485 957 1570 quaeritur,
980 1505 1022 1547 an
1037 1478 1188 1568 δραχμάς
1210 1503 1336 1568 quoque
1363 1503 1403 1545 ex
1429 1482 1710 1568 interpretamento
1726 1493 1829 1546 ortum
1851 1484 1899 1563 sit,
1917 1480 1988 1545 cf.I
2006 1483 2076 1547 110.

280 1595 375 1659 Dem.
398 1592 515 1658 XXIV
537 1593 566 1658 3.
588 1594 617 1657 7.
659 1589 833 1655 11111121.
856 1590 906 1655 26.
929 1590 979 1654 27.
1002 1589 1052 1655 28.

381 1701 458 1766 147
481 1724 489 1764 :
511 1699 657 1785 γέγραφα
685 1696 867 1782 μαρτυρίαν
894 1699 964 1773 τοῖς
991 1687 1095 1762 εἰδόσι
1133 1695 1321 1784 [Τίμαρχον]
1355 1687 1482 1761 τουτονί
1508 1688 1685 1761 ἐκλιπόντα
1704 1691 1760 1780 την
1789 1687 1949 1783 πατρῳαν
1968 1691 2080 1763 οίκίαν

283 1801 360 1895 [καί]
383 1800 592 1888 διαιτώμενον
618 1800 712 1890 παρά
734 1796 897 1890 Μισγόλᾳ,
920 1806 973 1869 ubi
995 1804 1049 1870 καὶ
1072 1803 1241 1870 delendum
1262 1805 1333 1870 luce
1363 1803 1477 1868 clarius
1510 1814 1565 1868 est.
1618 1803 1689 1868 Nec
1719 1805 1803 1868 enim
1833 1815 1930 1871 testes
1959 1805 2079 1870 dicturi

281 1924 354 1979 sunt
375 1914 581 1979 Timarchum
609 1924 640 1978 et
661 1923 827 2000 paternam
842 1912 971 1977 domum
991 1913 1157 1999 reliquisse
1180 1922 1211 1976 et
1234 1911 1317 1999 apud
1334 1911 1504 1996 blisgolam
1523 1923 1744 1976 conmoratum
1765 1934 1845 1994 esse,
1868 1912 1925 1976 sed
1940 1925 2079 1999 paterna

281 2021 368 2087 illum
391 2021 485 2086 domo
508 2020 658 2086 derelicta
677 2019 763 2106 apud
778 2020 949 2103 Misgolam
970 2023 1069 2084 vitam
1091 2018 1227 2104 degisse.
1281 2017 1372 2082 Idem
1395 2019 1505 2082 vitium
1528 2018 1693 2082 meliorum
1715 2019 1859 2083 codicum
1880 2041 1939 2105 ope
1955 2017 2078 2085 dudum

281 2130 440 2194 sublatum
463 2139 511 2193 est
532 2127 585 2192 111
609 2128 667 2194 125
689 2150 696 2190 :
719 2120 836 2212 ἐπειδη
857 2121 892 2191 ἐκ
911 2134 971 2192 τοὺ
992 2133 1137 2214 φανεροῦ
1156 2122 1212 2213 τη“ν
1233 2118 1327 2191 πόλιν
1349 2120 1532 2210 ἅνθρωπος
1545 2121 1601 2189 οὑκ
1616 2118 1752 2190 ἐδύνατο
1766 2127 1897 2212 σφῆλαι,
1913 2123 2078 2192 εἰσελθῶν

282 2232 329 2312 είς
349 2228 387 2301 τό
405 2227 641 2321 βουλευτήριον,
663 2228 951 2322 ματαστησάμενος
970 2230 1049 2310 τοὺς
1070 2225 1209 2310 ἰδιῶτας
1229 2229 1403 2322 ἐκφέρεται
1425 2226 1662 2317 προβούλευμα
1683 2234 1749 2299 κτλ.
1793 2235 1843 2300 cf.
1866 2234 1907 2299 ad
1931 2234 1947 2299 I
1973 2236 2038 2302 175.

382 2344 398 2409 I
419 2345 483 2409 48:
506 2335 547 2409 ἀν
567 2336 676 2428 δ’ἀρα
689 2342 745 2409 καί
766 2335 900 2416 τούτους
921 2340 1064 2408 πείσωσι
1084 2338 1131 2429 μη
1144 2347 1331 2429 μαρτυρεῖν,
1347 2338 1390 2417 ῶς
1412 2337 1472 2406 οὑκ
1493 2333 1583 2422 οίμαι
1599 2340 1666 2430 [γε].
1705 2342 1899 2408 Particulam
1920 2343 2077 2409 inclusam

286 2474 358 2516 cum
379 2451 560 2516 melioribus
581 2451 667 2516 libris
689 2451 814 2517 abicere
837 2449 1019 2515 debueram.

381 2560 461 2625 149
484 2582 491 2622 :
514 2558 567 2623 καί
591 2553 653 2644 ε’γῶ
673 2558 732 2638 μὲν
752 2558 928 2623 τοσαυτασὶ
950 2553 1069 2634 πολιάς
1091 2553 1167 2640 ἔχω,
1195 2554 1242 2634 ῶς
1270 2555 1363 2638 ὑμεῖς
1389 2552 1495 2644 ὁρᾶτε.
1540 2554 1594 2622 Sic
1626 2579 1687 2643 ego
1716 2578 1819 2644 nuper
1845 2565 1932 2621 recte
1963 2557 2078 2643 opinor

283 2668 403 2754 scripsi,
427 2666 466 2730 ci.
490 2665 651 2753 Aristoph.
673 2666 737 2753 ssq.
758 2667 821 2731 520
842 2689 849 2729 :
872 2659 990 2730 ὅπαθε
1011 2659 1147 2752 Μάγνης
1168 2659 1237 2748 ὅμσ
1257 2671 1330 2743 ταῖς
1350 2663 1484 2742 πολίαις
1506 2658 1707 2747 κατιούσαις,
1730 2665 1804 2729 ibid.
1835 2666 1896 2732 908
1920 2689 1927 2729 :
1953 2655 2016 2748 ε’γῶ
2038 2665 2079 2732 dd

282 2772 343 2849 τάς
364 2765 484 2848 πολιάς
504 2796 541 2859 γε
562 2768 741 2857 σούκλέγων
761 2768 831 2838 νέον
852 2761 999 2860 ποιήσω,
1030 2773 1139 2860 Frgm.
1164 2774 1256 2843 360:
1285 2772 1405 2858 ἐκλέγει
1434 2770 1514 2840 τ’ἀεί
1546 2776 1583 2838 ἐκ
1610 2779 1671 2837 τοῦ
1696 2772 1822 2856 γενείου
1850 2768 1912 2848 τάς
1938 2765 2076 2858 πολιάς;

284 2892 451 2970 praeterea
472 2882 512 2944 cf.
535 2879 694 2967 Kruegeri
718 2882 817 2944 nostri
839 2890 939 2945 artem
961 2904 1009 2966 gr.
1031 2884 1081 2961 43,
1103 2883 1132 2962 3,
1154 2884 1184 2947 3.

383 2988 463 3053 150
485 3011 493 3051 ε
514 2986 701 3053 τελευταίαν
722 2987 756 3052 δί
776 3009 833 3068 μοι
854 2984 1011 3074 λαβέτην
1032 2983 1132 3052 αὑτοῦ
1153 2980 1307 3072 Μισγόλα
1327 2988 1519 3077 μαρτυρίαν,
1541 2979 1579 3053 ἀν
1600 2979 1664 3074 ὅρα
1677 2989 1732 3054 καί
1748 2985 1826 3065 τούς
1839 2985 1943 3065 θεοὺς
1957 2986 2077 3067 δεδιῶς

285 3095 339 3161 καί
360 3091 439 3171 τοὺς
459 3089 653 3171 συνειδότας
674 3091 900 3177 αἰσχυνόμενος
922 3145 930 3160 .
953 3147 960 3161 .
984 3147 990 3159 .
1013 3088 1156 3184 ἐθελήση
1175 3091 1306 3182 τάληθῆ
1326 3101 1512 3183 μαρτυρεῖν.
1556 3096 1604 3160 1όὶ
1627 3098 1774 3161 Acristus
1801 3097 1992 3162 coniunctivi
2021 3099 2077 3163 vix

286 3214 369 3268 stare
390 3212 513 3291 potest;
534 3202 794 3289 anteponendum
817 3203 931 3269 saltem
954 3214 1002 3267 est
1022 3202 1100 3268 illud
1121 3205 1206 3291 quod
1228 3203 1372 3268 codicum
1393 3203 1460 3268 AM
1482 3203 1544 3268 fide
1565 3205 1674 3268 nititur
1694 3201 1804 3290 ἐθίλη.

384 3310 492 3376 157ε
525 3315 652 3394 πρῶτον
681 3308 740 3390 μὲν
771 3303 828 3374 οὑν
855 3311 904 3393 τῶ
931 3303 1125 3394 Πιτταλάκῳ
1158 3308 1317 3398 διελέχθη
1347 3305 1494 3392 δεόμενος
1524 3313 1734 3397 παραδοῦναι
1762 3315 1888 3377 τοῦτον·
1922 3308 1969 3389 ῶς
1991 3308 2078 3378 δ’σὺκ

289 3411 436 3494 ἔπειθεν,
467 3410 560 3500 αὑτηί
589 3407 714 3504 [τούτῳ]
746 3408 961 3504 προσβάλλει.
1006 3418 1187 3484 Pronomen
1215 3412 1319 3504 τούτῳ
1342 3421 1374 3483 in
1402 3420 1585 3484 melioribus
1614 3419 1700 3483 libris
1736 3421 1795 3503 (A)
1824 3423 1975 3484 omissum
2006 3443 2077 3485 esse

286 3524 480 3612 perhibetur,
503 3534 588 3589 recte
611 3527 739 3610 opinor3
762 3525 949 3611 pronomine
971 3520 1064 3610 αὑτῶ
1084 3549 1158 3591 reus
1178 3529 1247 3614 ipse
1269 3529 1357 3591 auius
1372 3529 1524 3592 memoria
1544 3526 1637 3613 paulo
1660 3537 1733 3591 ante
1758 3529 1939 3591 accusativo
1963 3549 2076 3615 prono·

285 3633 379 3696 minis
399 3637 513 3696 τσῦτσν
533 3632 573 3696 ad
597 3632 824 3718 cogitationem
846 3632 1026 3697 auditorum
1048 3647 1201 3700 revocata
1221 3635 1338 3715 fuerat,
1365 3637 1440 3700 satis
1468 3646 1577 3722 aperte
1603 3634 1766 3699 indicatur.
1812 3635 1973 3720 Repetitio
1997 3636 2076 3699 eius·

286 3738 359 3805 dem
387 3741 600 3828 pronominis,
633 3762 704 3803 cum
735 3740 811 3804 nibil
843 3738 883 3804 ad
913 3741 1161 3828 intellegentiam
1192 3753 1223 3807 et
1252 3745 1510 3830 perspicuitatem
1540 3744 1699 3824 conferat,
1736 3744 1913 3807 orationem
1946 3744 2078 3807 molesta

286 3849 476 3935 loquacitate
499 3858 664 3913 oneratam
685 3849 789 3912 efficit.

386 3955 401 4019 Ι
423 3956 465 4021 64
486 3979 493 4019 :
516 3957 570 4021 καί
592 3949 679 4030 ὅλως
700 3948 893 4036 ἀπετόλμων
914 3953 988 4037 ὑμῖν
1008 3949 1097 4023 οὗτοι
1119 3951 1200 4042 περί
1219 3959 1281 4022 τῶν
1301 3953 1482 4044 Ἑλληνικῶν
1497 3950 1736 4038 συμβουλεύειν.
1779 3957 1828 4022 lbi
1851 3956 1935 4043 quod
1952 3957 2078 4044 optimis

284 4085 323 4127 ae
351 4063 492 4151 pluribus
521 4075 570 4127 est
594 4064 682 4129 libris
704 4063 854 4129 traditum
875 4060 951 4143 ὑμῖν
971 4066 1095 4150 πρῶτοι
1116 4057 1221 4147 οὗτοι,
1255 4088 1319 4131 non
1340 4065 1564 4152 interpolatum
1587 4088 1688 4151 nuper
1711 4065 1766 4129 sed
1796 4074 1979 4150 corruptum
2007 4086 2078 4128 esse

286 4169 368 4254 dixi3
391 4194 475 4235 nunc
497 4171 576 4236 baec
598 4172 695 4237 verba
717 4173 762 4235 sic
783 4171 945 4237 emendari
968 4195 1062 4260 posse
1085 4175 1230 4238 existimo
1254 4198 1261 4238 :
1285 4174 1337 4239 καί
1359 4167 1444 4249 ὅλως
1465 4165 1659 4254 ἀπετόλμων
1678 4168 1753 4254 ὑμῖν
1778 4171 1811 4237 ἐν
1834 4163 1977 4260 πρῶτοις
1991 4163 2078 4236 οὗτοι

286 4271 367 4363 περί
386 4279 450 4343 τῶν
469 4274 657 4364 Ἑλληνικῶν
678 4270 917 4360 συμβουλεύειν.

390 4385 407 4450 1
429 4387 469 4451 72
491 4409 498 4449 :
520 4386 644 4450 Locum
665 4386 845 4451 intricatum
867 4409 970 4474 nuper
991 4388 1210 4476 intemptatum
1231 4389 1344 4477 reliqui
1360 4414 1367 4453 :
1383 4385 1422 4454 ου’
1434 4387 1498 4475 γάρ
1520 4384 1610 4473 ἔγωγ’
1634 4382 1855 4471 ὑπολαμβάνω
1871 4379 1974 4463 οὸτως
1995 4381 2078 4464 ὑμᾶς

287 4487 507 4578 ἐπιλήσμονας
529 4484 621 4572 είναι,
642 4483 715 4559 ὥστ’
735 4488 927 4581 ἀμνημονεῖν
952 4485 996 4559 ῶν
1021 4490 1120 4580 ὀλίγῳ
1146 4489 1306 4585 πρότερον
1336 4491 1491 4581 ἠκούσατε
1522 4493 1843 4583 ἀναγιγνωσκομένων
1868 4501 1933 4560 τῶν
1961 4486 2077 4575 νόμων,

287 4599 320 4667 ἐν
340 4591 390 4676 οἷς
411 4601 600 4686 γέγραπται,
621 4593 679 4667 ε’άν
699 4623 750 4674 τις
770 4591 983 4688 μισθῶσηταί
1001 4625 1072 4667 τινα
1093 4602 1159 4670 κτλ.
1191 4602 1314 4682 Quodsi
1337 4608 1529 4691 coniungere
1552 4607 1688 4670 volueris
1708 4610 1771 4668 sois
1790 4599 1896 4684 νόμων
1917 4593 1961 4666 ῶν
1980 4598 2080 4686 όλίγῳ

288 4702 449 4793 πρότερον
470 4704 629 4792 ἠκούσατε
650 4704 975 4794 ἀναγιγνωσκομένων,
997 4710 1080 4776 bane
1102 4714 1257 4777 rationem
1278 4713 1426 4800 prohibet
1448 4714 1570 4778 articuli
1592 4726 1664 4778 ante
1685 4704 1790 4793 νόμων
1818 4711 1962 4777 adiectio.
2005 4710 2079 4774 Hoc

288 4818 351 4882 iam
383 4815 503 4881 dudum
535 4816 660 4881 viderat
690 4816 868 4882 Hertlinius
900 4817 1128 4903 (Coniecturerr
1157 4842 1198 4884 su
1224 4821 1351 4887 Griecb.
1378 4821 1569 4886 Prosaikern
1596 4820 1717 4903 1125).
1767 4819 1837 4883 Νεο
1874 4818 1935 4882 buc
1967 4818 2077 4883 referri

288 4946 382 5011 posse
404 4924 499 4988 credo
521 4924 739 4989 huiuscemodi
761 4925 908 5011 exempla
929 4936 965 4990 ut
984 4925 1064 4992 Plat.
1094 4950 1162 5013 rep.
1190 4928 1281 4993 4970
1310 4952 1317 4992 τ
1345 4928 1439 5015 δῆλος
1461 4925 1502 5017 δη“
1523 4920 1601 5016 [οὑν]
1624 4918 1654 4992 εί
1674 4921 1723 4992 ὅτι
1742 4922 1826 5006 μετά
1851 4933 1948 4991 τοῦτο
1969 4914 2079 5011 ἐρήσει

287 5031 339 5106 τίς
359 5023 439 5117 αὕτη
460 5027 659 5118 ἡπσλιτεία.
690 5027 749 5097 οὑκ
770 5027 877 5116 ἔγνως,
899 5028 979 5119 ἔφη·
1001 5029 1042 5098 οὑ
1053 5030 1117 5121 γάρ
1138 5042 1234 5101 τοῦτο
1254 5031 1396 5119 ἔμελλον,
1418 5028 1486 5101 ἀλλ’
1506 5037 1537 5102 εί
1559 5027 1638 5121 αὸτη
1659 5024 1695 5120 ἣν
1714 5031 1808 5122 ἡμεῖς
1831 5028 2079 5121 διεληλύθαμεν,

287 5134 461 5219 οἰκίζοντες
481 5138 538 5226 την
558 5134 661 5219 πόλιν,
684 5136 814 5227 ἢόίλλη,
835 5142 888 5208 nbi
909 5129 947 5228 ἣν
959 5142 1163 5208 referendum
1178 5144 1219 5208 ad
1234 5143 1396 5222 πολιτεία,
1418 5140 1592 5221 οἰκίζοντες
1606 5155 1711 5209 autern
1725 5140 1782 5231 την
1795 5140 1892 5209 πόλιν
1902 5144 2080 5208 subiectum
