4710 5910
1232 371 1270 434 16

463 573 483 651 ξ
506 569 567 634 266
589 591 596 631 :
619 563 706 632 οίλλά
726 567 804 653 πρίν
830 567 891 647 μὲν
911 562 1060 648 ἐξελθεῖν
1080 565 1222 633 ε’νιαυτδν
1250 564 1318 655 [τοῦ
1343 566 1497 656 πολέμου]
1525 563 1583 643 τός
1604 559 1719 643 πόλεις
1740 558 1871 644 ἁπάσας
1892 564 2148 637 ἀπολωλέκεσαν.

363 676 439 742 Non
461 676 555 740 modo
579 677 652 740 belli
676 675 731 740 sed
755 677 881 741 omnino
905 676 986 739 illins
1009 676 1048 739 dc
1071 699 1134 761 quo
1155 686 1248 739 antea
1271 696 1374 738 sermo
1397 675 1500 739 fuerat
1522 678 1674 762 temporis
1696 699 1798 740 annus
1822 675 2014 762 designatur.

464 785 484 864 ἕ
506 785 567 849 270
590 807 596 846 :
626 779 714 861 ῦμιῦν
735 777 877 864 έκαστος,
900 778 1016 863 ἂνμὲν
1039 772 1141 867 άχρῆ
1162 830 1170 848 .
1194 830 1201 846 .
1225 781 1426 869 ψηφίζηται,
1457 782 1578 863 βελτίω
1596 780 1638 849 τά
1659 778 1748 848 κοινά
1769 773 1897 870 ποιήσει
1921 786 1962 870 τῇ
1983 778 2079 850 πόλει
2094 785 2147 851 καί

363 886 442 973 άξια
463 897 525 955 τιῦν
545 882 712 975 προγόνων
733 881 862 975 πράξει,
884 885 921 953 όν
943 889 971 954 δ’
993 877 1015 955 hi
1035 886 1079 976 μη
1102 891 1162 972 δεῖ,
1183 881 1369 974 φαυλότερα
1391 891 1444 956 καί
1467 882 1585 972 άνάξιοι
1606 892 1668 954 τῶν
1688 883 1859 977 προγόνων
1881 881 2046 981 [noetiani
2097 893 2150 957 Ad

363 990 484 1079 α’νάξια
507 997 758 1063 subaudiendum
780 1008 829 1061 est
849 986 982 1082 πράξει,
1004 1009 1037 1062 at
1056 989 1187 1085 ποιήσει
1210 1021 1248 1062 ne
1272 999 1461 1062 conmodum
1484 997 1611 1083 quidem
1634 1010 1682 1063 est
1709 999 1750 1063 ad
1778 1000 1953 1063 sententiae
1983 1000 2147 1064 rationem.

463 1109 483 1187 ξ
504 1108 565 1173 286
586 1129 593 1169 :
615 1100 692 1169 midi
714 1098 816 1168 δεινόν
837 1096 973 1191 ἡγήσατο
998 1096 1102 1194 [τίνοι]
1125 1100 1161 1169 τό
1182 1105 1321 1190 πρᾶγμα
1342 1100 1373 1169 εἰ
1394 1101 1414 1170 ό
1435 1108 1583 1181 τοιοῦτος
1603 1105 1696 1189 λέγει.
1741 1104 1790 1172 (tf.
1815 1106 1889 1170 Var.
1913 1106 2014 1171 Lectt.
2030 1131 2061 1194 p.
2076 1108 2148 1172 484.

363 1213 514 1280 Similiter
529 1216 548 1295 ξ
562 1213 623 1278 317
637 1236 643 1275 :
659 1202 741 1275 ὥστε
760 1206 780 1297 ἢ
792 1209 893 1297 μηδὲν
907 1203 949 1276 ὧν
963 1205 1113 1292 ἐβούλετο
1124 1204 1229 1301 lalana]
1243 1205 1496 1296 διαπράξασθαι
1513 1209 1532 1298 ἢ
1545 1204 1685 1298 οἷνοίγκην
1705 1204 1789 1278 είναι
1803 1206 2008 1300 φείσασθαι,
2021 1215 2061 1277 cf.
2076 1215 2147 1279 320.

463 1322 594 1404 §3192
624 1320 798 1406 detulisses
834 1315 909 1395 τοῦς
935 1320 1043 1400 ξένους
1070 1309 1177 1385 αδταῖν
1207 1319 1260 1384 καί
1291 1318 1345 1385 τόν
1374 1311 1544 1406 ἡγούμενα
1575 1318 1637 1409 [καί
1669 1321 1916 1411 στρατηγοῦντα]
1948 1318 2146 1407 Ὀνόμαρχον.
2249 1364 2253 1370 -

364 1429 479 1497 Utrum
495 1429 650 1514 eligimus,
672 1428 949 1514 grammaticorum
972 1427 1170 1493 sedulitatem
1192 1430 1224 1491 in
1247 1428 1352 1492 verbis
1375 1428 1572 1515 explicandis
1595 1453 1636 1494 an
1658 1430 1883 1496 Demosthenis
1904 1430 2057 1493 insulsum
2080 1452 2147 1494 ora·

365 1538 460 1601 tionis
481 1534 728 1621 exaggerandae
750 1534 917 1599 studium?

465 1647 494 1725 §.
517 1644 579 1709 320
600 1667 607 1706 :
630 1642 821 1728 ἐκρατοῦντο
842 1641 877 1707 δέ
898 1643 1038 1728 Θηβαῖοι
1062 1638 1126 1728 [καί
1146 1634 1250 1727 μάχην
1270 1633 1409 1731 ἥττηντο]
1426 1643 1480 1709 καὶ
1494 1631 1655 1729 τρόπαιον
1670 1633 1726 1709 άπ’
1742 1635 1848 1709 αότών
1861 1636 2011 1731 εἱστήκει.
2049 1643 2147 1708 Inter·

364 1761 472 1838 pretes
494 1753 695 1836 grammatici
719 1751 946 1815 Demosthenis
968 1749 1166 1813 mendacium
1188 1750 1255 1812 sine
1278 1749 1371 1835 culpa
1392 1752 1524 1814 nimium
1545 1763 1709 1815 auxerunt.

464 1858 560 1924 Haud
583 1881 687 1945 pauca
709 1882 786 1923 sane
808 1868 930 1922 restant
952 1878 1033 1942 quae
1057 1855 1179 1920 Tecum
1202 1859 1426 1921 conmunicare
1448 1857 1611 1939 voluerim,
1635 1859 1689 1923 sed
1713 1861 1863 1946 temporis
1886 1869 1918 1922 et
1940 1861 2033 1946 spatii
2048 1882 2148 1944 angu-

365 1966 441 2048 stiis,
464 1976 499 2030 ut
519 1966 673 2030 Aeschini
694 1966 797 2029 locum
819 1966 1007 2051 relinquam,
1029 1964 1125 2028 finem
1141 1965 1246 2029 facere
1262 1986 1368 2050 cogor.
1412 1964 1520 2031 Redeo
1537 1967 1634 2051 igitur
1648 1965 1688 2030 ad
1704 1966 1870 2030 Aeschinis
1887 1968 2147 2032 emendationem.

463 2073 575 2138 11121
600 2097 607 2138 :
629 2066 729 2138 πάλιν
749 2062 935 2137 όπεῦθυνον
956 2069 1014 2137 οῦκ
1038 2069 1076 2158 ἐᾷ
1095 2067 1153 2157 τήν
1173 2063 1283 2136 οόσίαν
1310 2074 1485 2156 καθιεροῦν
1510 2071 1574 2136 κτλ.
1624 2071 1755 2137 Rectius
1784 2073 1835 2138 Tu
1863 2075 1995 2138 articulo
2026 2073 2147 2138 adiecto

363 2181 475 2247 scribis
497 2205 504 2245 ε
526 2175 583 2246 τόν
604 2175 796 2260 ῦπεῦθυνον,
821 2204 858 2245 ac
879 2181 977 2267 pudet
999 2181 1143 2266 profecto
1166 2179 1243 2243 illud
1264 2192 1408 2265 apertum
1438 2181 1547 2243 vitium
1576 2180 1727 2244 intactum
1757 2202 1807 2243 me
1838 2181 2011 2267 reliquisse.
2063 2179 2148 2261 Quid

362 2289 492 2356 autem?
535 2289 689 2357 Credisne
712 2289 912 2353 emendatum
936 2288 1008 2353 Tua
1031 2291 1211 2352 coniectura
1232 2299 1375 2352 nostrum
1407 2286 1592 2352 oratorem?
1642 2287 1744 2351 Immo
1766 2287 1807 2352 ad
1828 2299 1970 2352 veterum
1992 2311 2148 2374 gramma-

360 2402 494 2464 ticorum
518 2396 777 2463 consuetudinem
799 2398 875 2460 vitio
898 2407 1008 2483 aperto
1031 2396 1153 2459 sublato
1170 2395 1394 2482 interpolatum
1415 2417 1485 2459 esse
1508 2396 1591 2458 huuc
1612 2395 1717 2459 locum
1732 2396 1888 2459 existimo.
1922 2395 2005 2460 Nam
2020 2397 2148 2483 paulum

361 2530 479 2594 quaeso
502 2507 675 2592 retrospioe
696 2528 703 2568 :
726 2506 770 2569 ihi
791 2514 935 2569 occurret
956 2527 964 2567 z
987 2494 1088 2591 άρχῆν
1110 2495 1293 2567 όπεόθυνον
1312 2499 1358 2588 μή
1379 2498 1566 2587 ἀποδημεῖν.
1609 2502 1690 2567 Ιοδε
1719 2505 1982 2570 sermocinatione
2012 2503 2149 2591 quadam

361 2615 503 2680 subiecta
532 2613 638 2699 pergit
664 2624 770 2676 orator
795 2612 875 2697 legis
902 2611 1000 2697 ipsius
1025 2611 1123 2675 verba
1149 2611 1297 2676 referre:
1327 2602 1429 2676 πάλιν
1455 2606 1513 2675 σῦκ
1535 2605 1574 2695 ἐᾷ
1594 2607 1648 2695 τήν
1668 2606 1785 2675 ου’σίαν
1806 2616 1997 2696 καθιεροῦν,
2030 2613 2149 2677 scilicet

361 2718 462 2808 άρχην
480 2713 669 2799 όπεῦθυνον,
692 2719 778 2806 quod
799 2721 902 2806 ipsum
924 2719 1018 2784 etiarn
1040 2719 1154 2803 legitur
1175 2722 1195 2800 ξ
1215 2720 1254 2783 31
1278 2742 1285 2782 :
1305 2716 1464 2800 έτεροςδ
1493 2707 1695 2803 ἀπαγορεύει
1716 2710 1810 2800 νόμος
1839 2709 1938 2804 α’ρχήν
1969 2711 2149 2785 ῦπειίθυνον

360 2826 405 2916 μή
425 2834 611 2915 στεφανοῦν.
655 2827 757 2892 Video
791 2827 839 2891 Te
872 2825 1048 2907 subridere,
1081 2826 1163 2913 quod
1194 2848 1253 2911 ego
1281 2827 1393 2890 fortius
1422 2826 1515 2889 etiam
1544 2838 1577 2891 et
1603 2826 1753 2891 audacius
1783 2825 1930 2891 videlicet
1956 2828 2148 2892 Aeschinem

362 2938 534 3004 emendare
556 2936 729 3000 didicerim.
772 2938 822 2999 Ac
852 2933 943 2998 simul
965 2933 1025 2997 hac
1053 2956 1125 2998 mea
1154 2933 1373 2998 emendatione
1401 2933 1550 2996 facillima
1577 2935 1743 3021 conposita
1770 2945 1817 2997 est
1846 2935 2005 2999 altercatio
2029 2957 2147 3017 eorum,

362 3047 416 3133 qui
437 3047 498 3111 hoc
519 3045 589 3109 loeo
611 3038 713 3128 α’ρχὴν
734 3053 837 3107 utrum
859 3045 1081 3130 mayistrctnm
1104 3040 1296 3126 significaret
1316 3063 1357 3105 an
1380 3063 1436 3127 pro
1458 3041 1613 3128 particula
1641 3043 1767 3108 στατιίιιο
1797 3053 1882 3108 esset
1914 3041 2147 3107 dubitaverunt.

459 3151 573 3217 11147
596 3174 603 3215 ε
627 3149 666 3215 ἵν’
689 3145 711 3233 ἤ
734 3141 835 3225 πόλις
856 3145 877 3235 ἠ
901 3148 1078 3234 βουλομένη
1097 3143 1172 3214 τινά
1191 3148 1253 3212 τῶν
1273 3143 1437 3232 ὑμετέρων
1466 3153 1643 3232 στεφανοῦν
1661 3147 1820 3235 πρέσβεις
1847 3149 2014 3236 πέμψασα
2042 3151 2148 3237 δεηθῇ

360 3266 417 3325 τοῦ
438 3248 551 3345 δήμου,
572 3255 625 3323 ἵνα
646 3247 876 3345 κηρυττόμενος
895 3256 999 3336 μείζω
1019 3248 1113 3344 χάριν
1133 3252 1207 3342 εἰδῇ
1227 3261 1292 3320 ταῖν
1314 3244 1554 3340 στεφανούντων
1576 3251 1660 3339 ὑμῖν,
1690 3246 1741 3322 ὅτι
1766 3259 1901 3343 κηρῦξαι
1931 3254 2146 3345 ἐπετρέψατε.

361 3368 411 3433 Ibi
432 3367 519 3454 quod
540 3387 633 3431 nemo
655 3365 759 3429 adhuc
780 3364 945 3429 Reiskium
981 3375 1107 3428 secutus
1139 3365 1311 3428 correxerit
1338 3386 1345 3427 :
1377 3359 1415 3427 ‘tv’
1446 3360 1464 3428 ό
1493 3357 1724 3452 κηρυττόμενος
1754 3365 1837 3449 κτλ,
1873 3367 1939 3431 iure
1972 3389 2008 3430 ac
2036 3369 2147 3430 merito

361 3473 600 3563 reprehendisti.
643 3474 688 3536 At
709 3474 806 3536 multo
828 3473 927 3535 maior
950 3472 1032 3535 hano
1053 3471 1221 3535 Aeschinis
1244 3474 1434 3536 sententiam
1456 3474 1637 3560 corruptela
1656 3473 1781 3538 insedit.
1824 3473 1908 3538 Nam
1935 3475 2147 3539 subiectorum

362 3583 448 3671 quod
474 3594 538 3647 tam
570 3580 674 3645 subita
702 3581 831 3666 ingruat
859 3580 1007 3657 variatio,
1040 3577 1117 3663 quid
1146 3578 1275 3642 tandem
1304 3602 1418 3644 causae
1451 3579 1524 3644 est?
1578 3578 1692 3659 Quid?
1723 3581 1866 3652 ‚Reiskii
1896 3583 2085 3647 sententiam
2121 3584 2147 3645 si

361 3692 538 3756 Aeschines
560 3691 712 3752 voluisset
733 3686 855 3766 efferre,
879 3686 954 3773 quid
971 3708 1088 3772 quaeso
1112 3685 1217 3750 dicere
1241 3685 1422 3750 debuerat?
1457 3685 1548 3751 Haec
1570 3690 1704 3774 opinor:
1726 3683 1765 3752 ἵν’
1788 3685 1845 3753 ἐόν
1866 3684 1885 3774 ἡ
1906 3680 2052 3764 πόίκς-
2067 3685 2146 3771 -,ό

360 3787 589 3884 κηρυττόμενος
609 3794 685 3877 κτλ,
707 3794 759 3858 vel
781 3795 863 3857 hunc
885 3796 918 3856 in
940 3793 1069 3858 modum
1091 3817 1099 3857 :
1120 3789 1172 3858 ἵνα
1193 3794 1248 3860 καί
1269 3790 1289 3881 ἦ
1311 3785 1468 3870 πόλις-
1491 3830 1524 3842 -
1550 3795 1605 3861 καί
1628 3789 1902 3881 ὁκηρυττόμενος.
1946 3795 2053 3874 Quare
2075 3820 2146 3862 cunr

362 3907 621 3993 conparationem
651 3904 743 3966 etiam
775 3903 808 3965 in
837 3902 1011 3988 archetypo
1038 3901 1118 3965 libro
1150 3901 1341 3988 adscriptum
1371 3925 1466 3988 supra
1493 3924 1619 3967 versum
1652 3904 1748 3968 fuisse
1771 3928 1811 3969 ex
1832 3904 1973 3968 codicum
1996 3907 2147 3970 memoria

362 4024 525 4101 appareat,
548 4034 609 4096 ego
630 4009 690 4073 hac
711 4010 834 4072 ratione
856 4008 1012 4072 subducta
1034 4008 1174 4073 adducor
1195 4019 1229 4073 ut
1250 4032 1456 4097 proponam:
1485 4006 1523 4074 ἵν’
1550 4006 1570 4096 ἡ
1600 4001 1695 4087 πόλις
1724 4050 1766 4060 -
1796 4012 1952 4096 πρέσβεις
1983 4009 2146 4099 πέμψασα

363 4122 469 4208 δεηθῇ
488 4124 547 4183 τοῦ
566 4106 670 4202 δόμου
692 4116 745 4181 καί
767 4114 871 4195 μείζω
893 4107 986 4200 χάριν
1007 4111 1081 4202 εἰδῇ
1103 4111 1187 4196 ὑμῖν,
1209 4110 1258 4182 ὅτι
1281 4118 1417 4203 κηρῦξαι
1440 4118 1654 4206 ἐπετρέψατε.
1699 4122 1807 4207 Atque
1840 4121 1949 4185 habuit
1972 4121 2146 4185 Athenien·

363 4231 449 4295 sibus
481 4240 660 4292 exterarum
689 4225 793 4310 gratia
815 4224 973 4288 civitatum
998 4224 1070 4309 plus
1091 4233 1176 4287 certe
1199 4225 1471 4290 conmendationis
1501 4249 1596 4311 quam
1625 4230 1717 4292 unius
1747 4229 1876 4292 alicuius
1904 4228 1980 4292 civis
2010 4230 2145 4292 benevo-

361 4338 458 4402 lentia
480 4346 512 4401 et
532 4335 632 4398 favor.

461 4439 682 4509 11188εκαὶ
714 4430 810 4523 παρά
838 4439 893 4502 τόν
923 4428 1133 4523 ἱππόδρομον
1162 4433 1216 4503 τόν
1245 4437 1279 4504 έν
1311 4427 1475 4519 Ταμόναις
1505 4434 1540 4503 ἐκ
1568 4427 1788 4524 παρατάξεως
1817 4432 1906 4529 μάχη
1934 4433 2148 4527 κρατήσαντες

363 4538 593 4626 όποσπόνδους
614 4541 754 4634 άφεῖσαν
774 4543 849 4623 τοδς
872 4546 1056 4629 πολεμίους.
1099 4551 1206 4635 Atque
1229 4548 1379 4613 hocloco
1402 4548 1612 4635 suspicionem
1645 4547 1719 4611 mihi
1751 4549 1813 4612 iam
1843 4549 1960 4613 dudum
1985 4550 2143 4632 movebat,

361 4661 448 4749 quod
469 4661 501 4724 in
524 4660 651 4745 optimis
672 4657 723 4722 vel
745 4659 848 4744 potius
870 4656 1054 4720 melioribus
1075 4658 1164 4721 libris
1187 4658 1246 4741 (A)
1267 4649 1355 4741 μάχη
1376 4649 1557 4742 νικήσαντες
1578 4656 1729 4741 scriptum
1751 4657 1945 4720 inveneram.
1989 4657 2147 4722 Neutrum

361 4771 507 4836 nimirum
529 4789 640 4831 verum
663 4775 718 4830 est.
754 4765 841 4829 Nam
864 4766 917 4851 qui
939 4763 974 4830 ἐκ
996 4756 1215 4851 παρατάξεως
1230 4764 1313 4844 vicit,
1336 4761 1419 4826 idem
1431 4764 1552 4850 proelio
1575 4763 1657 4826 vicit.
1687 4762 1863 4827 Aeschines
1880 4765 1977 4848 igitur
1991 4768 2146 4829 constanti

362 4876 559 4944 Graecorum
582 4896 639 4939 usu
662 4873 784 4937 dixerat
806 4897 813 4936 :
833 4868 868 4938 ἐκ
891 4866 1108 4959 παρατάξεως
1130 4861 1350 4956 κρατή-σαντες,
1367 4862 1586 4946 ὑποσπόνδους
1613 4860 1752 4955 άφεῖσαν
1778 4864 1853 4945 τοός
1884 4870 2075 4953 πολεμίους,
2106 4874 2145 4937 cf.

363 4987 420 5051 lhl
445 5008 452 5048 :
476 4979 533 5049 ἐπὶ
556 4982 594 5047 δέ
614 4975 670 5066 τόν
690 4975 879 5066 παράταξιν
900 4969 1060 5066 ὥρμησαν,
1085 4979 1365 5044 Dinarch.182:
1388 4980 1532 5054 τοιοῦτος
1553 4970 1657 5060 οὗτος,
1680 4973 1712 5041 ἐν
1729 4977 1789 5055 μέν
1816 4981 1888 5053 ταῖς
1920 4969 2146 5063 παρατάξεσιν

360 5083 528 5176 οἰκουρός,
560 5085 593 5154 ἐν
619 5089 656 5155 δέ
684 5093 755 5165 τοῖς
782 5078 870 5154 oinos
896 5087 1030 5170 μένουσι
1060 5084 1275 5172 πρεσβευτὴς,
1306 5081 1397 5151 ένδέ
1416 5090 1485 5160 τοῖς
1505 5090 1722 5171 πρεσβευταῖς
1743 5087 1908 5172 δραπέτης
1927 5082 2020 5152 ἐστίν.
2066 5088 2145 5153 Inde

361 5209 496 5288 apparet
514 5198 600 5285 apud
621 5198 715 5261 Dem.
738 5195 791 5261 IX
811 5199 852 5262 49
876 5218 883 5259 :
905 5195 971 5260 νυνί
994 5195 1022 5260 δ’
1043 5192 1142 5281 δρᾶτε
1170 5195 1231 5276 μὲν
1251 5188 1355 5280 δι’γπου
1383 5190 1428 5260 τά
1447 5193 1587 5258 πλεῖστα
1607 5188 1682 5268 τοῦς
1702 5186 1868 5278 προδότας
1889 5187 2144 5276 ἀπολωλεκότας,
