4710 5910
1077 386 1115 449 15

209 575 427 662 ῖχεινδεῖξαι.
458 583 565 667 Atque
587 583 680 645 etiam
701 581 733 645 in
749 580 864 648 Galeni
888 580 928 645 de
949 582 1030 645 med.
1053 583 1129 670 phil.
1152 582 1182 668 (l
1197 585 1239 648 54
1252 584 1299 667 Κ)
1321 606 1425 671 nuper
1444 583 1507 650 λεν.
1522 584 1639 650 Mttller
1660 585 1820 669 corrigere
1841 584 1993 650 debuerat

206 690 251 755 ita
272 713 280 752 :
304 686 337 754 οἱ
359 688 397 752 δὲ
418 688 471 751 νῦν
490 681 600 773 ἰατροί
619 688 772 752 τοσούτω
790 683 967 753 ἀποδέουσι
988 695 1049 755 τοῦ
1070 686 1232 775 ἠσκῆσθαι
1253 691 1319 756 κατ’
1341 681 1447 776 αότην.

307 799 327 878 5
352 795 433 862 106:
455 785 575 880 τίνα’χκη
596 787 702 879 δήπου,
721 791 797 872 τούς
817 788 929 880 λόχους
948 791 1084 872 τούτους
1105 793 1284 886 [Αἰσχίνην]
1307 793 1391 884 πρός
1406 794 1491 878 ὑμᾶς
1505 793 1610 862 εἰπεῖν
1623 795 1750 863 τουτονί
1763 795 1829 862 κτλ.
1866 797 1994 864 Nomen

208 927 228 969 a
248 904 435 990 pronomine
457 902 632 967 diiunctum
653 914 736 966 stare
758 925 822 967 non
842 913 956 990 potest

308 1014 328 1092 5
352 1011 433 1075 138:
454 1009 487 1075 τί
507 1009 562 1075 καί
584 999 721 1096 ποιήσῃς
744 1011 822 1096 ζητῇ
843 1003 936 1075 πόλλ’
952 1006 1132 1076 ἀναλίσκειν
1152 1005 1223 1092 ἐξόν
1236 1000 1367 1093 ε’λόττω,
1388 1012 1441 1076 καί
1458 1004 1583 1087 πάντας
1596 1002 1801 1097 θεραπεύειν
1815 1009 1996 1101 [βούληται]

208 1112 255 1182 δύ’
275 1110 296 1206 ἢ
314 1121 402 1202 τρεῖς
423 1109 513 1199 ἕξύν;
545 1117 621 1182 Non
640 1118 736 1182 modo
756 1119 1001 1183 concinnitatem
1024 1117 1121 1184 laedit
1139 1118 1224 1185 istud
1245 1120 1505 1201 additamentum,
1528 1120 1583 1185 sed
1604 1142 1715 1184 omues
1737 1120 1994 1207 interrogationis

207 1225 428 1291 acerbissimae
450 1247 567 1291 nervos
589 1225 734 1304 concidit,
757 1225 797 1289 cf.
819 1227 936 1289 Aesoh.
958 1225 1010 1290 III
1030 1227 1100 1292 205.

307 1336 441 1415 5150:
474 1328 582 1419 ἠξίουν
610 1327 695 1413 ύμοῖς
722 1325 783 1416 ἐγώ
813 1324 880 1421 [καί
908 1325 1037 1407 τούτοις
1064 1327 1180 1424 ἔλεγον]
1210 1333 1304 1400 πλεῖν
1331 1331 1387 1419 τόν
1412 1333 1564 1421 ταχίστην
1591 1333 1643 1420 ἐφ’
1669 1323 1900 1420 Ἑλλησπόντου
1926 1334 1993 1400 κτλ.

209 1438 310 1519 Quasi
330 1463 407 1504 vero
430 1440 641 1504 Athenienses
663 1463 774 1504 omnes
794 1439 987 1525 legationem
1010 1442 1140 1505 subituri
1160 1441 1295 1524 fuerim,
1325 1443 1369 1506 ite
1388 1442 1527 1529 loquitur
1548 1442 1795 1506 Demosthenes.
1839 1439 1905 1507 Sed
1926 1464 1994 1506 ora·

207 1549 326 1612 tionem
347 1549 440 1611 istam
462 1570 503 1613 ex
525 1550 622 1630 5154
642 1541 729 1612 α’λλοῖ
748 1540 815 1612 τότ’
836 1543 943 1623 εόδύς
963 1538 1106 1632 ἐγνώκειν
1127 1541 1184 1613 καί
1204 1541 1425 1635 προεωρώμην
1446 1545 1530 1635 ύπὲρ
1553 1544 1643 1627 ύμοῖν
1664 1549 1718 1614 καὶ
1739 1539 1868 1623 τούτοις
1889 1543 1998 1632 ἔλεγον

208 1653 414 1741 depravatam
446 1676 516 1719 esse
538 1655 674 1719 dubitari
700 1659 755 1720 vix
782 1667 896 1743 potest
950 1652 1046 1734 Quod
1068 1679 1139 1722 cum
1160 1657 1204 1720 ite
1225 1657 1279 1738 sit,
1311 1678 1491 1744 proponere
1512 1654 1612 1721 audeo
1635 1656 1744 1721 baec:
1773 1651 1882 1739 ἠξίουν
1912 1651 1998 1742 ἡμᾶς

207 1759 274 1849 ἐγώ
295 1760 390 1828 πλεῖν
408 1757 464 1848 την
482 1761 634 1848 ταχίστην
658 1762 724 1828 κτλ.

307 1880 439 1962 5166:
474 1873 537 1961 ἐγώ
567 1878 627 1960 μὲν
656 1878 763 1944 τοίνυν
794 1875 872 1955 τούς
903 1871 1132 1960 αἰχμαλώτους
1160 1872 1339 1959 ἀνασώζειν
1369 1880 1421 1944 καί
1450 1878 1571 1965 ζητεῖν,
1601 1878 1653 1944 καί
1685 1880 1764 1965 παρ’
1787 1873 1932 1958 ἐμαυτοῦ
1960 1902 1997 1946 τε

208 1977 344 2074 χρήματ’
370 1982 553 2051 α’ναλίσκειν
581 1987 636 2053 καί
659 1985 828 2052 Φίλιππον
855 1977 967 2067 υίξιοῦν
988 1978 1034 2050 τόν
1063 1982 1138 2074 ἡμῖν
1159 1986 1271 2053 ἐδίδου
1291 1987 1402 2068 ξενίων
1419 1979 1556 2063 τούτους
1577 1980 1756 2052 λύσασθαι.
1801 1985 1998 2073 Proposuisti

208 2089 571 2182 superaccesserat
595 2084 718 2175 σώζειν.
761 2096 869 2181 Atque
891 2083 1006 2175 σώζειν
1025 2117 1135 2160 verum
1157 2105 1250 2176 esset,
1274 2096 1333 2159 uisi
1356 2085 1541 2162 οἷναλίοκειν
1561 2089 1677 2175 α’ξιούν
1695 2086 1865 2158 λύσασθαι
1887 2117 1997 2181 seque-

208 2212 327 2284 rentur,
351 2202 464 2288 quibus
485 2202 592 2266 verbis
612 2204 682 2289 ipsa
703 2202 757 2265 illa
776 2204 863 2266 notio
885 2202 1160 2285 circumscribitur,
1187 2202 1226 2265 cf.
1250 2206 1270 2284 5
1292 2203 1363 2285 338,
1386 2224 1481 2288 quem
1502 2203 1608 2267 locum
1630 2202 1792 2288 praeclare
1814 2200 1999 2266 emendasti.

1204 2311 1321 2398 σώζειν

209 2407 316 2486 Quare
329 2430 390 2493 ego
409 2407 529 2472 conicio
543 2409 716 2495 antiquitus
729 2409 762 2471 in
776 2407 856 2473 libro
874 2408 1010 2496 quodam
1026 2409 1124 2474 fuisse
1139 2399 1318 2494 α’ναζηιεῖν,
1334 2408 1418 2474 unde
1432 2421 1539 2475 nutum
1555 2420 1605 2475 est
1618 2399 1799 2488 ύνασώζτιν
1813 2409 1867 2474 καί
1885 2407 1999 2495 ζητεῖν.

308 2524 442 2607 5178:
477 2526 518 2610 τῇ
547 2525 607 2605 μὲν
638 2531 699 2589 τῶν
737 2518 911 2606 συμμάχων
949 2518 1140 2590 α’ντειπόντα
1171 2519 1280 2613 είρόνη
1319 2532 1360 2613 τῇ
1392 2526 1429 2592 δὲ
1460 2519 1682 2611 Φιλοκράτους
1715 2515 2000 2610 συναγορεύσοντα.

210 2630 329 2710 Quidni
357 2624 576 2697 συνειπόνταῖ
628 2633 790 2697 Acristum
822 2633 949 2719 quidem
982 2644 1015 2696 et
1045 2633 1184 2697 futurum
1213 2635 1300 2699 verbi
1330 2623 1494 2719 α’χορεύειν
1512 2634 1610 2698 Attici
1632 2633 1892 2721 aspernabantur.
1935 2630 2002 2697 Sed

209 2740 322 2805 lacuna
343 2740 568 2804 Demosthenis
599 2741 772 2804 orationem
795 2740 951 2805 adfectam
974 2743 1119 2805 existimo
1149 2741 1231 2806 male
1259 2753 1422 2829 temptata.
1472 2741 1545 2806 Hoc
1573 2741 1713 2806 ostendit
1745 2762 1881 2828 sequens
1903 2761 2000 2805 mem·

209 2847 301 2914 hrum
335 2847 421 2936 quod
453 2871 525 2912 cum
553 2849 671 2938 ¹ceteris
700 2870 813 2935 parum
845 2848 1027 2934 copulatum
1059 2859 1091 2912 et
1124 2850 1325 2914 coniunctum
1358 2858 1416 2913 est.
1469 2848 1631 2934 Deinceps
1660 2868 1838 2936 proponere
1864 2846 2001 2934 placet:

210 2946 444 3042 προδεδωκότα
464 2943 572 3020 πόντα
595 2945 809 3044 [πεπρακότα]
832 2955 921 3041 δοῖρα
942 2951 1055 3037 ἔχοντα
1076 2947 1168 3021 ούδὲν
1189 2947 1404 3022 ἐλλελοιπότα
1424 2953 1624 3041 μοχθηρίας.

310 3067 329 3146 5
354 3065 411 3128 181
428 3087 435 3127 :
457 3060 561 3127 καίτοι
583 3057 703 3128 τούτων
723 3054 855 3141 οόδενός
875 3060 913 3129 dh
935 3066 1011 3153 [suiv
1032 3056 1263 3153 ψηφισμάτων]
1286 3059 1361 3147 ἔδει,
1384 3059 1415 3129 εί
1428 3064 1523 3129 πλεῖν
1543 3051 1636 3139 οὗτος
1656 3053 1769 3148 ἤθελε.
1805 3056 1905 3138 Quasi
1925 3080 2002 3125 vcro

210 3191 263 3236 aes
293 3170 541 3236 Atheniensibus
573 3171 731 3257 conpendi
758 3172 899 3243 facturus
929 3172 1166 3236 Demosthenes
1199 3178 1264 3236 τοῖν
1291 3164 1514 3260 ψηφισμότων
1538 3169 1732 3235 addidisset!
1786 3166 1909 3234 Rerum
1937 3170 2004 3232 vim

213 3279 317 3342 acrius
339 3277 476 3342 intendit
497 3278 599 3342 solum
621 3299 805 3364 pronomen.

308 3385 440 3468 5183:
469 3386 542 3470 μηδ
573 3376 762 3472 ἀνάσχησθε
790 3381 834 3461 ώς
864 3375 903 3450 ού
930 3384 982 3450 δεῖ
1001 3384 1088 3471 δίκην
1108 3377 1154 3450 niv
1172 3378 1265 3452 είπεν
1291 3382 1454 3467 ύποσχεῖν.
1496 3383 1584 3459 τίνος
1610 3377 1673 3467 χοῖρ
1701 3377 1802 3446 ἄλλον
1835 3380 1885 3446 δεῖ
1914 3379 2004 3467 δίκην

209 3490 302 3578 παρὰ
322 3493 494 3578 πρέσβεων
521 3489 552 3581 [ἢ
573 3485 687 3582 λόχων]
715 3484 906 3576 λαμβάνεινς
938 3488 1001 3559 εἰσί
1031 3490 1093 3580 χοίρ
1122 3498 1153 3559 σῖ
1182 3493 1338 3578 πρέσβεις
1366 3488 1404 3556 ού
1429 3484 1570 3577 τριήρων
1590 3486 1667 3556 οὐδὲ
1686 3483 1794 3556 τόπων
1893 3483 2002 3573 κύριοι

209 3590 295 3665 α’λλοί
315 3595 416 3685 λόχων
435 3594 491 3666 καί
511 3590 640 3687 χρόνων.
685 3603 801 3667 Dicere
822 3614 969 3690 potuerat
990 3593 1010 3687 ἢ
1028 3598 1145 3685 λόχων,
1168 3601 1228 3665 nisi
1251 3611 1438 3687 sequeretur
1458 3600 1492 3663 in
1514 3599 1705 3686 explicativo
1728 3598 1891 3663 enuntiato
1913 3587 2001 3664 α’λλᾶ

209 3702 319 3793 λόγων.
361 3708 457 3774 Nunc
478 3711 591 3774 vitium
611 3710 815 3774 manifestum
836 3720 892 3773 est.

307 3819 326 3898 5
352 3816 411 3880 185
432 3840 439 3880 :
462 3811 537 3897 ύμῖν
558 3817 594 3882 δὲ
616 3819 749 3901 πρῶτον
769 3814 828 3896 μὲν
847 3812 904 3903 την
923 3812 1045 3901 βοείην
1066 3809 1201 3879 οῖκοῦσαι
1223 3811 1302 3898 περί
1324 3809 1456 3877 πόντων
1485 3809 1551 3899 [καί
1574 3811 1817 3897 προβουλεῦσαι
1840 3810 1902 3900 δεῖ]
1932 3809 1999 3876 κτλ.

208 3919 498 4011 Circumscriptioni
521 3925 565 3987 rei
583 3926 765 3988 notissimae
776 3923 1011 3988 Demosthenes
1027 3944 1094 3987 rem
1112 3924 1215 4008 ipsam
1234 3923 1362 4008 proprio
1377 3919 1475 3985 verbo
1489 3920 1660 3984 subiecisse
1676 3918 1846 3983 verisimile
1862 3940 1926 3982 nou
1941 3926 1999 3981 est.

307 4031 412 4112 5209
433 4054 441 4094 τ
464 4029 670 4097 concinnitas
698 4032 848 4095 orationis
876 4030 1036 4117 postulare
1063 4028 1138 4093 mihi
1166 4027 1293 4092 videtur
1320 4023 1429 4109 δίχχειν
1457 4030 1556 4092 ποιεῖ.
1607 4025 1660 4090 Ad
1680 4024 1871 4089 infinitivum
1892 4018 2001 4108 όχχειν

208 4137 381 4224 antiquitus
401 4140 466 4202 iam
486 4144 615 4202 σιωπᾶν
635 4137 830 4224 adscriptum
851 4147 908 4201 est.

306 4245 410 4326 §210
431 4268 439 4308 τ
459 4240 579 4310 τούτων
597 4244 656 4323 μὲν
675 4245 780 4310 τοίνυν
810 4239 906 4308 οὐδὲν
939 4234 1052 4333 [εἶπεν]
1084 4239 1154 4308 ου’δ*
1185 4238 1384 4326 ἐφθέγξατο.
1438 4239 1525 4306 Nihil
1556 4237 1641 4326 quod
1673 4239 1841 4302 memorari
1863 4241 1997 4304 attineat

208 4352 396 4416 discriminis
418 4364 467 4416 est
481 4355 565 4416 iuter
579 4348 685 4417 εἰπεῖν
699 4362 731 4416 et
746 4350 977 4436 φθέγξασθαι.
1012 4349 1120 4430 Quare
1135 4350 1366 4414 restituendum
1381 4359 1430 4413 est
1442 4344 1540 4412 ου’δδν
1554 4338 1619 4411 οὐδ’
1635 4341 1831 4432 ἐφθέγξατο,
1854 4346 1894 4409 cf.
1910 4347 1972 4412 253
1987 4368 1996 4410 :

208 4454 312 4523 ἐκεῖσε
332 4450 439 4523 ἐλθών
458 4455 537 4524 ου’δδ
556 4455 696 4539 τούνσμα
717 4456 903 4543 ἐφθέγξατο
922 4458 980 4544 τῆς
1000 4450 1117 4541 χώρας.

305 4569 326 4647 5
346 4567 408 4631 243
430 4589 437 4629 ε
460 4555 542 4630 duat
560 4561 624 4651 μην
646 4566 702 4631 καὶ
725 4564 792 4653 [ἐπί
814 4570 886 4641 τοῖς
907 4564 1089 4653 δικασταῖς]
1114 4560 1224 4649 ἔλεγες
1242 4566 1310 4629 κτλ.
1352 4564 1511 4629 Vitiosum
1534 4585 1604 4628 esse
1618 4561 1676 4629 ἐπί
1691 4584 1761 4626 cnm
1776 4561 1997 4644 intellexisses,

208 4667 242 4737 ἐν
262 4672 486 4759 corrigendum
508 4675 667 4738 censuisti.
710 4677 756 4738 At
776 4697 888 4760 parum
909 4685 996 4738 recte
1019 4696 1054 4738 se
1075 4673 1170 4738 habet
1201 4674 1254 4738 καί
1277 4673 1310 4736 ἐν
1337 4677 1409 4749 τοῖς
1436 4672 1616 4747 δικασταῖς.
1669 4669 1754 4734 Nam
1783 4668 1890 4733 iudicii
1916 4667 1998 4733 illius

207 4782 270 4844 ism
293 4780 388 4866 paulo
412 4791 485 4845 ante
507 4782 753 4846 conmemoratio
775 4781 860 4845 facta
881 4792 977 4846 erat:
1008 4775 1117 4866 ε’λεχες
1144 4777 1252 4846 τοίνυν
1282 4776 1356 4844 τότε
1385 4776 1469 4862 πρὸς
1498 4772 1573 4855 τούς
1602 4771 1754 4852 δικασταῖς
1781 4774 1847 4840 κτλ.
1877 4779 1898 4858 5
1926 4775 1997 4838 242.

207 4882 315 4964 Quare
342 4883 397 4952 καί
427 4888 682 4972 coniungendam
716 4899 765 4952 est
796 4911 867 4952 cnm
899 4882 1015 4972 ἔλεγες.
1068 4886 1142 4952 Hoc
1173 4909 1342 4952 evasurum
1369 4897 1436 4968 est,
1471 4888 1498 4950 si
1527 4907 1651 4950 mecum
1674 4884 1830 4947 deleveris
1851 4880 1907 4948 ε’πί
1929 4884 1998 4956 τοῖς

208 4995 387 5068 δικασταῖς.

305 5106 325 5183 5
347 5101 409 5166 253
431 5125 438 5165 :
460 5092 558 5177 οὗτος
579 5101 608 5166 δ’
628 5091 828 5189 Ἀμφίπολιν
854 5099 991 5182 ἐξέδωκε
1013 5100 1077 5191 [καί
1100 5097 1265 5189 α’πίδοτο]
1310 5100 1464 5164 Acerbius
1486 5110 1579 5165 sonat
1598 5099 1698 5165 solum
1727 5093 1881 5178 όξίδωκε,
1911 5095 1998 5182 quod

206 5208 396 5295 proditionis
419 5210 534 5274 crimen
559 5211 707 5291 continet,
730 5211 770 5274 ef.
793 5213 813 5291 5
834 5211 894 5275 257
916 5205 1027 5275 πολλοὶ
1049 5208 1101 5274 καί
1125 5204 1216 5273 δεινοί
1238 5202 1447 5292 πρεσβεύσας
1467 5206 1523 5272 καί
1543 5198 1652 5291 χώρας
1672 5196 1860 5279 ἐκδεδωκώς
1882 5202 1948 5270 κτλ.
