4710 5910
1147 401 1188 463 23

275 625 336 693 pre
358 603 547 667 emblemate
570 602 750 667 habendum
773 604 826 682 sit,
855 603 1028 686 quaeritur.
1072 598 1177 676 Quam
1200 598 1414 664 difficultatem
1437 609 1472 662 ut
1494 599 1654 684 explicare
1676 605 1708 661 et
1729 618 1876 660 amovere
1899 597 2067 682 possimus,

276 721 501 798 argumentum
523 733 563 775 cx
584 712 653 798 ipss
674 711 816 775 oratione
838 705 1154 795 circumspiciendum
1177 716 1234 770 est.
1271 711 1379 791 Atque
1401 729 1472 769 cum
1494 705 1589 793 paulo
1613 715 1686 768 ante
1707 705 1740 767 in
1760 704 1830 790 ipsa
1844 704 2067 789 conparatione

276 818 454 885 Aeschines
483 818 597 882 dixerit
623 811 792 902 ἐρχόμεθα
822 809 928 902 δήπου
956 815 1092 902 ψευδεῖς
1121 813 1255 879 οἴκοθεν
1281 805 1378 894 δόξας
1401 806 1545 893 ἔχοντες,
1575 812 1651 877 nihil
1680 814 1741 876 iam
1773 812 1902 876 dubium
1931 809 2068 891 videtur,

278 928 354 1015 quin
377 927 429 990 illo
451 924 490 988 de
513 947 575 1011 quo
597 926 704 1010 agitur
724 925 794 988 loco
817 924 969 1010 scriptum
991 922 1115 987 fuerit:
1146 912 1178 986 εί
1208 943 1294 996 τινες
1316 917 1406 1001 ὑμῶν
1436 919 1471 987 ἐκ
1495 926 1561 984 τῶν
1583 914 1777 1004 ἔμπροσθεν
1797 912 1917 1003 χρόνων
1938 908 2069 1003 ἥκουσιν

277 1025 430 1119 τοιαύτην
452 1027 576 1113 ἔχοντες
596 1027 652 1115 την
674 1027 792 1112 δόξαν,
826 1054 920 1117 quam
942 1031 1130 1096 sententiam
1150 1040 1186 1093 ut
1208 1053 1280 1094 cum
1302 1031 1371 1117 ipsa
1392 1029 1596 1093 similitudine
1618 1030 1836 1108 conciliarent,
1870 1026 2070 1111 grammatici

278 1141 513 1229 adscripserunt
534 1137 571 1204 ἐκ
591 1140 655 1203 τῶν
676 1133 869 1223 ἔμπροσθεν
890 1131 1009 1223 χρόνων
1031 1137 1091 1201 hoc
1113 1139 1181 1201 loco
1204 1139 1289 1202 idem
1312 1138 1397 1224 quod
1418 1160 1515 1224 supra
1535 1136 1668 1202 σ’ίκοβεν
1687 1136 1804 1200 valere.

377 1249 431 1315 III
456 1251 514 1313 120
537 1273 543 1312 :
571 1244 635 1329 ἐγῶ
661 1246 720 1330 μὲν
753 1243 836 1332 ὑπὲρ
865 1248 925 1312 τοῦ
947 1238 1050 1332 δόμου
1069 1248 1126 1311 τοῦ
1146 1242 1328 1333 Ἀθηναίων
1350 1296 1404 1312 ...
1426 1250 1540 1331 βοηθῶ
1560 1239 1642 1310 κατα
1662 1241 1716 1309 τόν
1736 1238 1830 1328 ὅρκον
1851 1234 1907 1307 καί
1927 1248 1975 1325 τῶ
1996 1245 2070 1325 θεῷ

279 1357 334 1423 καί
360 1359 401 1443 τῇ
419 1359 459 1442 γῇ
484 1358 523 1444 τῇ
544 1353 618 1442 ἱερᾷ
650 1357 703 1421 καί
725 1357 812 1440 χειρί
835 1348 891 1420 καί
912 1355 991 1420 ποδί
1014 1356 1067 1421 καί
1089 1361 1182 1441 φωνῇ
1203 1356 1258 1421 καί
1279 1361 1383 1419 πᾶσιν
1405 1345 1457 1429 οἷς
1478 1351 1517 1419 dv
1538 1347 1691 1433 δόνωμαι.
1735 1354 1920 1417 Deteriores
1942 1349 2068 1415 codices

278 1474 442 1553 praestant
464 1488 471 1528 :
494 1471 597 1528 πᾶσιν
618 1455 668 1538 οἷς
689 1456 838 1543 δύναμαι.
883 1462 957 1549 Ego
979 1464 1145 1527 meliorum
1167 1465 1312 1528 codicum
1333 1465 1553 1527 auctoritatem
1575 1473 1702 1525 secutus
1723 1459 1937 1547 recipiendum
1960 1458 2069 1544 putavi

279 1562 332 1649 τίς
351 1563 390 1637 όν
410 1569 562 1651 διῖνωμαι.
608 1570 693 1635 Nam
714 1571 746 1635 in
769 1572 828 1635 hac
849 1571 1012 1635 modorum
1035 1572 1156 1635 ratione
1171 1583 1295 1636 veteres
1309 1571 1509 1657 grammatici
1523 1571 1643 1634 leviora
1656 1592 1719 1633 non
1735 1568 1908 1632 difficiliora
1922 1566 2070 1652 amplecti

280 1680 432 1763 solebant,
454 1681 515 1743 nisi
537 1678 622 1765 quod
644 1680 750 1743 futuro
773 1680 910 1765 tempori
932 1700 1030 1765 saepe
1052 1700 1184 1742 numero
1207 1678 1286 1744 falso
1309 1676 1349 1744 ds
1369 1678 1525 1743 adiectum
1548 1679 1717 1742 invenitur.
1770 1674 1836 1739 Sed
1854 1677 1915 1739 ista
1936 1674 2069 1738 varieta-

279 1798 347 1853 tum
378 1789 490 1852 electio
520 1786 691 1851 admodum
721 1787 841 1851 lubrica
868 1798 924 1850 est.
981 1785 1065 1851 God.
1094 1785 1221 1872 quidem
1244 1787 1448 1851 Hermannus
1478 1808 1519 1851 ex
1547 1808 1610 1872 quo
1640 1786 1821 1848 obscuriora
1841 1785 1874 1846 in
1897 1781 2070 1845 variatione

278 1895 431 1961 librorum
453 1894 665 1982 probabiliora
687 1917 757 1958 esse
779 1892 939 1975 docuerat,
960 1894 1019 1958 hac
1040 1896 1161 1959 ratione
1184 1905 1325 1959 veterum
1349 1896 1537 1981 scriptorum
1558 1904 1764 1958 monumenta
1783 1892 1886 1977 magis
1909 1889 2071 1952 obscurari

280 2012 314 2069 et
334 2025 463 2089 pessum
485 2002 552 2065 dari
576 2024 671 2087 quam
692 2001 852 2065 inlustrari
875 2012 907 2065 et
930 2001 1090 2066 emendari
1113 2011 1227 2088 coepta
1248 2013 1329 2066 sunt.
1374 2003 1422 2065 Ac
1444 2001 1496 2065 'ru
1518 2001 1646 2088 quidem
1668 2022 1743 2063 vere
1766 1998 1931 2079 monuisti,
1960 1990 2010 2072 οἷς
2032 1992 2071 2061 dir

281 2102 425 2191 δύνωμαι
453 2132 517 2173 non
540 2108 601 2173 dici
623 2109 683 2172 nisi
706 2110 739 2171 in
761 2130 795 2171 re
817 2109 924 2173 futura
945 2119 999 2173 aut
1020 2112 1148 2180 incerta
1193 2110 1262 2173 Illic
1284 2111 1380 2195 igitur
1401 2111 1433 2173 in
1455 2133 1490 2173 re
1513 2120 1600 2172 certa
1622 2119 1653 2173 et
1674 2109 1833 2195 praesenti
1855 2108 2070 2170 necessarium

280 2239 351 2282 esse
371 2207 423 2292 οἷς
442 2210 591 2297 δύναμαι.
641 2219 686 2280 At
707 2216 775 2280 fieri
797 2219 892 2280 etiam
915 2227 1034 2304 potest,
1064 2228 1099 2281 ut
1120 2239 1170 2281 res
1193 2219 1351 2305 praesenti
1374 2229 1405 2281 ct
1425 2218 1531 2282 futuro
1554 2217 1662 2296 simul,
1689 2217 1708 2280 i.
1732 2238 1758 2281 e.
1780 2217 1918 2281 instanti
1935 2229 2071 2301 tempore

280 2324 364 2389 facta
386 2323 562 2388 denotetur.
606 2325 713 2409 Atque
736 2324 794 2386 hoc
816 2345 877 2408 ego
900 2324 1012 2388 cadere
1033 2326 1178 2390 existimo
1200 2328 1231 2389 in
1254 2324 1336 2389 hanc
1357 2329 1458 2411 ipsam
1482 2326 1648 2389 Aeschinis
1671 2325 1854 2389 orationem.
1891 2321 1976 2386 Nam
1998 2344 2071 2385 cum

282 2431 363 2497 dixit
393 2434 528 2516 βοηθῶ,
561 2454 625 2495 non
647 2455 734 2517 opem
755 2455 786 2495 se
798 2433 894 2518 ferre
922 2431 977 2495 setl
1006 2457 1094 2519 opem
1115 2457 1147 2498 ss
1168 2433 1355 2499 denuntiare
1385 2434 1590 2518 significavit,
1621 2426 2071 2519 repercussaeque

281 2538 504 2604 auxiliandum.
549 2541 592 2603 At
615 2540 752 2624 loquitur
773 2562 831 2624 pro
854 2538 933 2603 dcc!
969 2539 1126 2626 Loquitur
1148 2549 1232 2604 certe
1256 2551 1289 2605 et
1310 2563 1388 2605 voce
1411 2542 1517 2623 utitur,
1539 2552 1573 2605 at
1593 2565 1657 2605 non
1679 2550 1828 2604 mancat
1850 2562 1913 2602 non
1935 2536 2017 2626 pede
2039 2547 2072 2601 at

280 2669 347 2712 non
367 2647 480 2711 ceteris
496 2646 689 2732 quibuslibet
710 2647 814 2727 rebus,
837 2647 951 2732 quibus
974 2670 1008 2711 se
1030 2671 1170 2728 usurum,
1193 2651 1219 2712 si
1241 2672 1293 2713 res
1314 2650 1357 2713 ita
1378 2649 1493 2729 tulerit,
1516 2650 1668 2736 promisit.
1707 2649 1815 2728 Quare
1836 2639 1886 2724 οἷς
1907 2645 1945 2713 div
1967 2639 2073 2713 δόνω-

281 2777 343 2833 μαι
362 2756 395 2818 in
416 2754 477 2818 hac
499 2755 628 2842 propria
652 2777 748 2818 causa
770 2756 950 2819 etiamnunc
972 2765 1055 2820 stare
1076 2779 1172 2844 posse
1194 2757 1329 2822 confido.

381 2862 435 2927 Ill
459 2863 518 2926 130
539 2886 546 2925 :
575 2857 733 2942 οὐδεμίαν
759 2885 807 2926 τοι
836 2857 969 2927 πιόαοτε
1000 2859 1099 2947 ἔγωγε
1119 2865 1242 2945 μᾶλλον
1263 2859 1360 2931 πόλιν
1381 2854 1499 2949 ἑόρακα
1522 2862 1589 2931 sind
1608 2867 1667 2947 μέν
1688 2870 1750 2931 τῶν
1771 2872 1863 2933 θεῶν
1883 2865 2072 2952 σωζομένην,

283 2966 349 3035 ὑπό
369 2971 408 3035 δὲ
428 2977 492 3035 τῶν
514 2963 660 3058 ῥητόρων
681 2966 772 3037 ἐνίων
794 2967 1022 3057 οἷποίλυμένην.
1074 2972 1123 3035 lbi
1145 2972 1238 3038 ἐνίων
1258 2998 1277 3037 a
1300 2975 1395 3038 sciolo
1419 2976 1570 3039 insertum
1594 2976 1765 3055 existimas,
1789 2976 1821 3039 id
1843 2978 1929 3063 quod
1951 2989 1983 3042 et
2004 2980 2073 3065 ipse

285 3079 359 3143 olim
382 3078 586 3143 credideram.
630 3079 676 3141 At
697 3101 761 3142 non
785 3080 916 3143 sciolum
939 3081 1099 3163 Aeschini,
1123 3081 1177 3144 sed
1195 3083 1386 3146 Aeschinem
1407 3083 1511 3169 ipsum
1533 3083 1593 3146 sibi
1615 3086 1774 3164 metuisse,
1798 3106 1838 3148 nc
1860 3086 1892 3148 in
1915 3095 2074 3150 oratorum

284 3186 490 3251 exitiosorum
511 3208 644 3250 numero
667 3188 897 3266 contineretur,
930 3189 1114 3274 intelligitur
1137 3213 1176 3253 ex
1198 3190 1401 3254 similitudine
1423 3192 1564 3255 locorum
1587 3191 1683 3255 veluti
1709 3193 1858 3257 Dinarch.
1882 3195 1992 3261 190:
2021 3196 2076 3261 καί

283 3286 408 3377 πότερα
429 3284 560 3358 κάλλιόν
582 3294 670 3370 ε’στι,
693 3290 775 3378 πρός
795 3295 830 3360 δέ
853 3288 1064 3381 δικαιότερον,
1087 3284 1201 3360 ἅπαντ’
1224 3292 1256 3359 ἐν
1276 3304 1324 3381 aqi
1344 3304 1440 3381 κοινῶ
1461 3291 1698 3380 φυλάττεσθαι,
1720 3292 1739 3385 ἢ
1760 3297 1837 3375 τούς
1858 3291 2000 3389 ῥήτορας
2021 3306 2076 3371 καὶ

281 3403 344 3467 τῶν
364 3403 550 3486 στρατηγῶν
572 3397 677 3477 ἐνίους
699 3394 918 3487 διηρπακότας
938 3399 1040 3487 ἔχεως
1063 3404 1113 3469 Ne
1139 3416 1296 3469 structura
1318 3405 1446 3492 quidem
1469 3407 1637 3471 vorborum
1663 3401 1729 3473 όπό
1748 3414 1813 3472 τῶν
1827 3406 1972 3496 ῥητόρων
1986 3407 2077 3478 ε’νίων

284 3510 428 3598 quamvis
459 3511 539 3572 mira
567 3508 713 3573 videatur
735 3522 819 3574 caret
840 3533 897 3574 sua
919 3513 1137 3598 exemplorum
1159 3512 1370 3577 similitudine.
1432 3514 1502 3578 Nec
1524 3539 1584 3600 ego
1607 3516 1668 3581 huc
1689 3519 1792 3581 resero
1815 3520 1951 3605 exempli
1972 3523 2076 3605 gratia

283 3615 360 3702 Lys.
375 3616 410 3682 X
424 3618 487 3682 20:
510 3618 573 3679 τῶν
589 3616 616 3679 δ’
632 3612 795 3696 ὀνομάτων
817 3613 913 3693 ἐνίοις
935 3614 974 3682 οδ
988 3623 1055 3694 τοῖς
1078 3611 1190 3695 αὐτοῖς
1212 3613 1373 3706 χρώμεθα
1395 3629 1448 3685 νῦν
1468 3646 1504 3688 τε
1525 3625 1579 3690 καί
1602 3617 1770 3711 πρότερον,
1794 3629 1879 3714 qued
1895 3630 2075 3717 exemplum

282 3724 389 3788 multis
411 3725 592 3787 nominibus
614 3724 774 3788 diversum
798 3738 854 3808 est,
876 3738 908 3790 at
931 3750 1006 3791 vero
1029 3730 1167 3814 pertinet
1188 3729 1249 3794 huc
1270 3731 1362 3795 Dcm.
1387 3731 1438 3796 ΙΙΙ
1464 3735 1496 3796 11
1522 3756 1529 3796 :
1558 3731 1640 3816 λέγω
1662 3730 1739 3810 τοός
1761 3737 1837 3821 περὶ
1860 3743 1925 3800 τῶν
1947 3740 2075 3824 θεωρι-

283 3837 359 3914 κῶν,
388 3837 502 3915 σαφῶς
524 3827 658 3909 οὑτωσί,
681 3833 733 3896 καί
757 3830 833 3908 τοὺς
855 3834 933 3914 περί
955 3838 1021 3898 τῶν
1044 3839 1302 3921 στρατευομένων
1323 3835 1440 3917 ἐνίους,
1470 3841 1569 3905 eiusd.
1592 3842 1726 3906 XXVII
1748 3846 1818 3910 23:
1847 3844 1902 3910 καί
1923 3835 1984 3909 όσα
2007 3841 2076 3911 ἔνια

282 3937 367 4025 μηδέ
397 3939 658 4028 καταλειφθῆναι
681 3933 888 4005 παντάπασιν
918 3933 1164 4030 ἠμφεσβητηκε,
1196 3945 1296 4009 Thac.
1319 3946 1335 4010 I
1357 3949 1376 4011 6
1398 3972 1405 4011 :
1430 3942 1463 4010 ἐν
1482 3953 1553 4024 τοῖς
1573 3943 1757 4033 βαρβάροις
1778 3946 1865 4017 ἐστιν
1887 3943 1947 4031 οἷς.
1991 3953 2075 4020 Con·

284 4048 393 4112 tulisse
416 4049 510 4112 etiam
534 4048 662 4133 expedit
691 4048 783 4111 Dcm.
807 4049 927 4114 XXlll
949 4052 1041 4115 210:
1070 4045 1231 4136 μάρτυρές
1259 4050 1332 4118 ἐστε
1354 4056 1416 4117 τῶν
1438 4052 1555 4142 ἑτέρων
1577 4052 1727 4139 elychnia,
1754 4061 1773 4121 i.
1797 4081 1823 4123 e.
1849 4066 1910 4123 τῶν
1939 4051 2076 4145 α’γαείῶν

284 4150 410 4241 ἐτέρων,
434 4155 552 4219 XVIll
574 4159 638 4221 45:
662 4151 716 4218 dmi
737 4158 800 4219 τῶν
821 4156 936 4242 ἑτέρων
958 4149 1111 4223 κινδόνων
1133 4157 1172 4224 τοί
1193 4156 1313 4225 ἑαυτῶν
1336 4158 1495 4246 σίσφαίῶς
1518 4157 1658 4249 σχήσειν,
1682 4167 1720 4229 cf.
1737 4166 1857 4253 Krueg.
1874 4192 1921 4253 gr.
1936 4170 1986 4251 47,
2003 4170 2031 4251 9,
2047 4172 2076 4236 8.

283 4260 377 4327 Dem.
399 4262 484 4327 XIX
499 4263 562 4327 22:
586 4256 714 4327 α’κοόειν
737 4264 773 4327 δὲ
796 4264 848 4329 καί
871 4270 932 4329 τῶν
955 4257 1110 4346 Εὐβοέων
1131 4263 1222 4334 ἐνίων
1243 4264 1306 4356 ἐφη
1328 4274 1566 4359 πεφοβημένων
1586 4265 1641 4338 καί
1662 4273 1901 4361 τεταραγμένων
1922 4272 1976 4361 την
1996 4269 2079 4362 πρός

282 4362 337 4455 τήν
357 4361 454 4436 πόλιν
475 4362 653 4454 οἰκειότητα
676 4371 837 4456 Φιλίππῳ
860 4374 1072 4461 γεγενημένην.
1116 4375 1196 4441 Ibid.
1219 4380 1310 4444 260:
1342 4375 1401 4455 τός
1428 4375 1489 4468 γαρ
1519 4375 1714 4468 ἀκροπόλεις
1743 4379 1846 4449 αιῖτιῦν
1878 4382 1970 4450 ἐνίων
1992 4391 2078 4450 Μα-

282 4468 408 4554 κεδόνες
429 4485 634 4565 φρουροῦσιν.

381 4585 434 4650 Ill
458 4587 514 4650 141
539 4609 545 4649 :
575 4582 592 4650 ό
622 4587 649 4649 δ’
670 4581 810 4669 εἰσόγων
837 4577 873 4676 ἦν
904 4586 988 4668 ὑμᾶς
1020 4586 1080 4677 [εἰς
1100 4587 1161 4667 scic
1182 4584 1304 4682 Θηβας]
1328 4592 1442 4681 καιρός
1462 4594 1517 4660 καί
1540 4587 1655 4684 φόβος.
1700 4598 1785 4664 Nam
1808 4622 1879 4663 cum
1901 4602 2077 4667 Aeschines

282 4693 376 4778 paulo
405 4703 480 4757 ante
510 4692 624 4757 dixerit
656 4686 797 4780 είσῂειτε
827 4693 875 4772 εἰς
906 4693 965 4773 τός
997 4691 1125 4783 Θήβας,
1156 4701 1243 4765 urbis
1270 4704 1431 4785 notitiam,
1464 4706 1524 4769 nisi
1551 4707 1615 4769 vim
1645 4708 1797 4772 orationis
1820 4708 1977 4773 fracturus
2001 4720 2077 4792 erat,

283 4810 429 4887 repetere
450 4824 514 4864 non
537 4800 654 4864 debuit.

384 4907 484 4970 Plane
496 4908 657 4990 dissentio,
672 4911 754 4996 quod
768 4911 888 4977 11110:
904 4912 1016 4978 πολλοί
1032 4910 1096 4999 γόρ
1107 4908 1193 4980 πάνυ
1206 4917 1271 4980 τῶν
1288 4911 1481 4982 ὑπευθύνων
1492 4915 1543 4984 ἐπ’
1553 4913 1735 5008 αὐτοφώρῳ
1748 4920 1885 4987 κλέπται
1899 4930 1963 4986 τῶν
1974 4922 2079 5009 δημο-

283 5013 363 5079 σίων
376 5006 546 5102 χρημότων
559 5011 647 5091 ὄντες
667 5012 907 5103 ἐξελεγχόμενοι
925 5015 1135 5108 διεφύγγανον
1149 5023 1262 5089 ἐκτῶν
1277 5026 1493 5112 δικαστηρίων
1504 5029 1534 5113 *)
1553 5066 1586 5076 -
1606 5022 1776 5115 ᾐσχύνοντο
1789 5026 1852 5115 γδρ
1867 5034 1900 5098 οἱ
1915 5031 2077 5112 δικασταί,

382 5236 409 5302 l)
432 5238 517 5303 Atque
543 5239 581 5289 sic
599 5240 633 5301 B,
658 5239 680 5288 A
706 5241 810 5306 quidem
835 5249 967 5308 praestant
984 5239 1037 5300 ἀπό
1055 5246 1107 5300 τῶν·
1126 5247 1302 5321 δικαστηρίων.
1339 5248 1412 5298 Unde
1431 5249 1480 5300 ista
1497 5250 1629 5301 varietas?
1664 5251 1731 5313 Quia
1748 5252 1870 5304 videlicet
1887 5262 1912 5309 ίκ
1930 5248 2008 5321 (ἀπό)
2025 5255 2080 5310 τῶν
