4710 5910
1161 398 1197 463 17

287 593 385 664 οὐδέν
415 597 444 661 δ’
471 592 506 661 ἐκ
533 588 755 682 παρατάξεως
781 585 861 662 οὐδὲ
885 587 994 682 μάχης
1024 586 1204 683 γιγνόμενον
1224 597 1458 686 excerpendum
1488 620 1558 663 esse
1587 620 1626 663 ex
1656 599 1766 664 ordine
1796 599 1966 664 verborum
1996 599 2079 665 istud

287 701 368 771 ου’δέ
387 698 504 791 μάχης.

388 809 552 878 111255:
575 806 696 898 κοίμή
722 801 816 893 μόνω
845 815 915 888 τοῖς
945 807 1024 880 οἰσλν
1052 809 1136 879 α’λλά
1167 814 1220 881 καί
1251 817 1321 889 τοῖς
1351 808 1475 894 ὄμμασι
1508 808 1747 902 διαβλέψαντες
1774 810 1823 891 εἰς
1851 808 1934 893 ὑμᾶς
1963 809 2081 889 αὐτοῖς

287 905 527 1000 βουλεύσασθε.
572 915 732 983 Constans
747 929 909 983 oratorum
932 919 1058 985 dicendi
1079 921 1275 987 consuetudo
1297 921 1417 1005 subigit
1437 941 1495 983 nos
1510 942 1664 1007 reponere
1679 915 1937 1009 άποβλέψαντες.
1970 924 2078 1007 Atque

288 1047 360 1090 cum
380 1025 631 1112 praepositiones
653 1023 733 1090 δια-
754 1035 786 1091 et
805 1020 891 1089 άπσ-
912 1028 997 1113 apud
1018 1028 1212 1093 Aeschinem
1235 1052 1275 1093 ex
1296 1028 1471 1114 scripturae
1493 1028 1695 1092 similitudine
1717 1029 1882 1114 permultis
1904 1030 1981 1092 locis
2003 1051 2077 1092 eon-

288 1131 376 1196 fusas
397 1153 467 1197 esse
488 1141 619 1213 constet,
642 1154 735 1197 nemo
756 1133 899 1220 profecto
923 1133 1075 1200 audaciae
1097 1145 1129 1200 et
1149 1136 1334 1201 temeritatis
1355 1156 1407 1199 me
1427 1135 1582 1199 incusabit
1603 1135 1628 1198 si
1650 1134 1781 1199 11195:
1805 1136 1858 1200 καί
1881 1134 2078 1219 διελογίζετο

287 1232 361 1304 ὅσον
380 1231 534 1314 ἑκάστους
555 1233 623 1305 ἔδει
645 1239 804 1305 συντελεῖν
825 1243 948 1306 restitui
970 1241 1046 1306 mihi
1065 1243 1169 1330 placet
1191 1266 1198 1306 :
1221 1237 1454 1327 άπελογίζετο,
1484 1242 1522 1306 cf.
1545 1265 1576 1328 p.
1597 1243 1639 1306 24
1652 1265 1683 1305 n.

389 1345 623 1411 Foedissimum
655 1347 766 1411 vitium
799 1349 980 1412 etiamnunc
1008 1350 1088 1414 latet
1118 1348 1171 1413 HI
1192 1350 1283 1415 234:
1316 1344 1428 1435 ἔχαιρε
1458 1345 1521 1435 γάρ
1552 1340 1815 1430 κολακευόμενος·
1848 1344 1949 1415 ἔπειτ’
1981 1342 2080 1415 αὐτὸν

286 1447 348 1535 σάχ
369 1442 425 1530 οὓς
445 1448 607 1539 ἐφοβεῖτο,
630 1450 699 1519 άλλ’
720 1445 772 1530 οἷς
792 1450 904 1520 {aab
925 1455 1111 1542 ἐνεχείριζε,
1133 1455 1316 1522 κατέλυσαν.
1370 1455 1401 1520 Ν
1405 1478 1446 1520 on
1467 1455 1674 1544 prodiderunt
1695 1456 1847 1543 populare
1869 1460 2025 1544 inperium
2046 1459 2077 1540 ii,

288 1561 402 1651 quibus
423 1572 499 1626 tuuc
521 1563 623 1649 ipsum
644 1561 781 1650 populns
802 1563 967 1628 arbitrium
989 1565 1036 1628 sui
1058 1564 1271 1650 permittebat,
1294 1562 1350 1628 sed
1371 1565 1409 1642 ii,
1431 1563 1547 1650 quibus
1568 1563 1665 1626 nimia
1694 1562 1866 1628 dolectatus
1896 1564 2078 1630 adulatione

287 1691 442 1734 summam
464 1678 652 1757 potestatem
679 1672 875 1756 permiserat.
927 1669 1034 1735 Metus
1063 1671 1161 1756 igitur
1192 1681 1224 1734 et
1256 1670 1389 1736 fiduciae
1421 1679 1568 1758 tempora
1599 1670 1815 1734 diversissima
1846 1682 1928 1736 sunt.
1983 1672 2079 1753 Quod

287 1799 359 1842 cnm
380 1779 426 1842 ita
447 1778 495 1858 sit,
517 1778 735 1865 reponendum
757 1778 883 1843 videtur
903 1773 1088 1863 ἐνεχείρισε.
1125 1777 1228 1842 Paulo
1251 1789 1326 1842 ante
1348 1778 1569 1864 obtemperare
1591 1776 1764 1842 debueram
1786 1780 1970 1843 melioribus
1992 1781 2078 1845 libris

286 1885 357 1972 (A),
379 1884 411 1949 in
435 1885 550 1971 quibus
571 1875 659 1950 alitor
680 1885 789 1969 deest3
815 1886 987 1972 legendum
1009 1888 1106 1971 igitur
1129 1909 1136 1949 :
1160 1876 1197 1950 άί
1217 1882 1340 1972 ρρδίως
1361 1881 1579 1971 κατεκήλησαν
1599 1879 1652 1949 τάν
1673 1884 1782 1970 δῆμον,
1805 1886 1843 1949 cf.
1866 1886 1969 1954 1113.
2002 1888 2078 1953 Din.

285 1993 303 2058 1
324 1994 364 2060 88
387 2015 395 2056 τ
417 1992 472 2059 καί
494 1982 642 2058 παύσατε
662 1987 740 2068 τούς
759 1990 886 2080 ῥᾳδίως
907 1997 984 2058 καθ’
1003 1988 1095 2074 ὑμῶν
1114 1986 1264 2078 χρήματα
1278 1981 1510 2073 λαμβάνοντας.
1555 1993 1760 2058 Contrarium
1778 1994 1888 2056 vitium
1903 1993 2078 2081 depreben-

286 2100 469 2166 dissemihi
491 2100 602 2166 videor
624 2100 882 2187 apudDinarch.
904 2100 1012 2165 124:
1041 2101 1095 2167 καί
1118 2095 1175 2164 οὐκ
1203 2095 1315 2187 ἠλέησε
1342 2097 1360 2165 δ
1387 2096 1511 2186 μιαρός
1538 2090 1634 2175 οὗτος
1659 2091 1754 2165 πόλιν
1782 2094 1885 2177 οὕτως
1914 2098 2076 2191 [οἰκτρῶς]

285 2203 517 2294 άπολλυμένην.
560 2206 645 2272 Nam
667 2230 739 2272 cum
761 2230 943 2295 supremam
965 2208 1194 2274 Thebanorum
1215 2209 1374 2273 miseriam
1398 2209 1491 2292 paulo
1514 2217 1587 2272 ante
1609 2216 1716 2272 orator
1738 2231 1861 2273 summa
1883 2232 1953 2273 cum
1982 2211 2079 2274 animi

286 2316 486 2380 conmotione
509 2314 736 2403 descripsisset,
760 2317 834 2380 satis
868 2326 936 2381 erat
964 2326 1089 2381 mentes
1118 2316 1311 2392 audientium
1341 2315 1383 2380 ad
1411 2317 1493 2381 hanc
1525 2319 1723 2381 taeterrimae
1755 2316 1901 2382 fortunae
1933 2319 2078 2382 notitiam

284 2445 453 2489 revocasse
475 2446 539 2487 unc
561 2422 711 2488 adverbio
734 2422 993 2488 demonstrativo.
1042 2422 1178 2488 Accedit
1199 2423 1283 2510 quod
1305 2425 1337 2487 in
1364 2425 1465 2488 altera
1486 2423 1630 2488 codicum
1651 2424 1770 2489 familia
1801 2416 1901 2500 οὕτως
1929 2420 2077 2514 οἰκτρῶς,

283 2531 317 2595 in
339 2531 438 2596 altera
458 2526 598 2616 οἰκτρῶς
617 2523 721 2608 οὕτως
742 2531 892 2596 traditum
914 2532 1076 2596 habemns.
1119 2531 1327 2618 Interpolatio
1350 2531 1444 2617 igitur
1465 2530 1634 2595 manifesta
1655 2540 1711 2595 est.

384 2637 489 2701 Doleo
511 2659 606 2724 porro
628 2636 681 2702 111
706 2638 763 2702 186
784 2660 850 2702 non
872 2648 1035 2727 receptum
1067 2661 1087 2703 a
1117 2660 1169 2702 me
1201 2661 1271 2703 esse
1304 2639 1391 2725 quod
1422 2639 1570 2703 meliores
1602 2638 1673 2702 libri
1695 2639 1754 2723 (A)
1776 2649 1905 2703 tuentur
1926 2663 1934 2704 :
1955 2636 2078 2707 οὑτωσί

282 2743 341 2827 μέν
361 2743 576 2830 ἐρωτηθέντες
597 2739 740 2820 ἅπαντες
761 2741 988 2831 άποκρινεῖσθ’
1007 2739 1061 2812 ὅτι
1083 2737 1283 2831 Μιλτιάδης.
1326 2745 1411 2810 Nam
1434 2746 1587 2810 dubitatio
1608 2746 1671 2827 illa,
1694 2769 1790 2833 quam
1810 2747 1965 2834 probavi,
1993 2744 2077 2815 άπο-

283 2850 448 2940 κρίναισθ’
471 2847 511 2916 ἐάν
531 2875 644 2940 parum
665 2854 695 2917 in
718 2853 802 2918 illius
824 2854 999 2919 sententiae
1020 2855 1176 2918 rationem
1198 2853 1291 2934 cadit,
1314 2853 1352 2916 cf.
1373 2853 1435 2921 243
1457 2877 1464 2917 :
1487 2847 1627 2930 ἅπαντες
1647 2849 1712 2939 γάρ
1732 2848 1801 2933 ἅμα
1827 2850 2077 2942 ἀποκρινοῦνται

282 2950 334 3026 ὅτι
355 2958 494 3046 Χαβρίᾳ
514 2961 573 3041 μὲν
594 2960 659 3025 κτλ.

383 3067 557 3154 Nunquam
579 3071 611 3132 in
634 3070 774 3133 animum
796 3067 907 3134 induxi
929 3079 964 3134 ut
989 3079 1110 3134 rectum
1132 3091 1301 3134 aevorum
1324 3090 1393 3134 esse
1415 3067 1492 3133 illud
1513 3066 1675 3132 crederem
1691 3066 1776 3154 quod
1791 3067 1845 3134 ΙΙΙ
1865 3069 1926 3136 184
1938 3071 2076 3155 legitur:

282 3177 417 3261 πρῶτοι
438 3175 621 3258 δυσμενέων
641 3167 737 3261 εὗρον
758 3171 940 3262 ἀμηχανίην.
988 3178 1073 3242 Nam
1096 3199 1194 3263 quam
1214 3199 1275 3263 ego
1297 3198 1401 3263 nuper
1419 3177 1572 3262 temptavi
1592 3176 1894 3263 interpretationem,
1917 3199 1987 3241 cam
2007 3179 2076 3266 ipse

284 3295 319 3350 ut
339 3286 433 3349 nimis
454 3284 654 3349 artificiosam
676 3284 821 3371 inprobo.
865 3284 951 3363 Quid
973 3289 999 3349 si
1022 3286 1198 3349 scribamus
1219 3275 1336 3349 εἷλσνί
1380 3281 1430 3350 of.
1453 3283 1684 3370 Mnemosyncs
1705 3283 1753 3348 VI
1778 3284 1846 3350 197.

382 3392 436 3458 ΙΠ
458 3394 519 3458 162
540 3415 547 3456 :
568 3382 664 3467 οὗτος
685 3385 871 3477 ἠγνοημένος
892 3383 980 3468 ὅστις
1002 3394 1072 3458 ποτ’
1094 3388 1164 3458 ἐστὶ
1186 3382 1242 3457 καί
1263 3392 1337 3468 πῶς
1356 3381 1527 3472 βεβιωκώς
1545 3388 1611 3454 κτλ.
1661 3391 1788 3455 Atticae
1819 3391 1997 3476 elegantiae
2029 3390 2075 3453 ni·

282 3510 383 3565 torem
414 3499 509 3565 credo
540 3499 728 3564 obscurasse
755 3499 909 3585 syllabam
935 3501 1017 3565 male
1045 3501 1223 3588 repetitam.
1277 3498 1498 3586 Legendum:
1527 3492 1715 3585 ἠγνοημένος
1742 3495 1792 3572 τίς
1821 3497 1894 3562 ποτ’
1925 3495 1993 3563 ἐστί
2022 3496 2076 3562 καί

283 3614 355 3685 πῶς
374 3602 544 3689 βεβιωκώς
565 3605 630 3670 κτλ.
673 3606 725 3670 Ne
747 3605 832 3694 apud
849 3605 1040 3693 Sophoclem
1062 3608 1190 3694 quidem
1207 3604 1288 3673 Oed.
1304 3605 1387 3691 Reg.
1403 3606 1441 3671 71
1465 3608 1632 3670 transitum
1654 3605 1739 3668 hunc
1762 3604 1802 3668 ab
1824 3605 2075 3690 interrogatione

284 3715 412 3803 obliqua
442 3716 481 3780 ad
504 3725 624 3778 rectam
646 3714 764 3778 factum
786 3716 863 3779 vitio
886 3737 1021 3778 vacuum
1043 3737 1114 3780 esse
1137 3714 1259 3778 credo:
1290 3709 1337 3789 αῖς
1364 3707 1508 3778 πύθοιθ’
1534 3704 1584 3776 bn
1613 3712 1701 3798 δρῶν
1729 3702 1749 3796 ἠ
1777 3709 1810 3777 τί
1838 3711 1953 3798 φωνῶν
1982 3699 2075 3794 τήνδε

280 3822 438 3910 ρυοοίμην
468 3811 570 3887 πάλιν.
644 3821 805 3909 Exempla
840 3820 967 3908 quidem
1002 3843 1084 3908 quae
1117 3820 1340 3887 Schneidewin
1371 3831 1403 3885 et
1429 3818 1546 3884 Nauck
1572 3820 1750 3884 attulerunt
1776 3821 1892 3883 mirum
1922 3830 2076 3906 quantum

282 3929 479 4017 discrepant,
513 3929 692 3994 emendatio
715 3940 820 3993 autem
842 3930 992 3994 facillima
1013 3940 1062 3994 est
1083 3930 1199 3994 factu:
1231 3923 1275 4004 ῶς
1305 3919 1451 3992 πύθοιτο
1479 3925 1629 4012 sidonia
1656 3920 1676 4012 ἠ
1700 3924 1734 3991 τί
1755 3933 1879 4011 φωνῶν.
1923 3926 1993 3991 Νεο
2014 3927 2077 3990 alia

282 4060 335 4103 res
357 4047 406 4102 est
427 4035 511 4125 apud
534 4037 644 4124 Eurip.
660 4036 765 4123 Iphig.
787 4036 861 4100 Aul.
877 4037 962 4101 696:
983 4031 1121 4117 τοῦνομα
1140 4035 1200 4117 μέν
1220 4029 1276 4101 οὖν
1298 4036 1392 4101 παῖδ’
1414 4026 1475 4101 οἰδ
1495 4030 1560 4119 ὅτῳ
1581 4026 1767 4122 κατῄνεσας,
1788 4029 1895 4117 γένους
1918 4032 1957 4100 δέ
1977 4032 2075 4098 ποίου

279 4139 453 4227 χῶπάθεν,
494 4148 617 4225 μαθεῖν
644 4139 744 4208 θέλω.
809 4140 897 4221 Quid
926 4145 1009 4209 enim
1036 4144 1160 4209 facilius
1191 4168 1286 4232 qnam
1313 4144 1403 4210 hoo:
1430 4140 1537 4229 γάνους
1558 4144 1587 4208 δ’
1609 4140 1725 4209 ὁποίου
1744 4137 1921 4224 χῶπάθεν,
1950 4146 2076 4222 μαθεῖν

280 4251 399 4318 otto?
451 4252 595 4317 Eandem
626 4252 783 4316 vocalium
813 4251 1031 4317 confusionem
1059 4254 1215 4339 explicavi
1235 4253 1352 4318 Aescb.
1374 4253 1428 4318 III
1451 4254 1539 4319 160:
1571 4247 1689 4337 ἐπειδη
1718 4243 1952 4335 δ’ἐτελεάτηῶ
1974 4246 1995 4315 6
2015 4251 2076 4332 μέν

281 4356 469 4443 Φίλιππος,
498 4354 711 4445 Ἀλέξανδρος
740 4355 838 4434 δεῖς
863 4353 919 4442 τήν
941 4348 1043 4445 άρχήν
1063 4359 1214 4445 κατέστη,
1243 4361 1297 4425 ubi
1328 4360 1453 4427 codices
1475 4360 1632 4448 praebent
1652 4359 1705 4422 vel
1734 4349 1924 4443 ἐτελεύτησε
1944 4357 2003 4439 μέν
2022 4358 2074 4422 vel

278 4456 478 4554 ἐτελεύτησε.
520 4465 693 4534 Emendari
715 4467 809 4531 etiam
831 4466 929 4532 debet
949 4466 1045 4532 Dem.
1067 4466 1133 4531 XV
1154 4469 1205 4533 34.

380 4573 609 4641 confusionem
638 4576 765 4662 peperit
796 4576 923 4662 saepius
951 4597 1157 4640 numerorum
1185 4598 1244 4663 per
1272 4577 1393 4642 litteras
1422 4575 1553 4641 notatio.
1611 4574 1693 4639 Inde
1724 4574 1842 4638 factum
1874 4582 1936 4655 est,
1973 4582 2008 4637 ut
2039 4573 2071 4636 in

279 4682 470 4747 Aeschinem
490 4681 544 4747 HI
567 4682 627 4748 163
647 4684 811 4768 ingrueret
832 4705 840 4746 τ
868 4672 917 4757 εἰς
937 4679 996 4759 μέν
1016 4677 1037 4747 o‘
1057 4687 1205 4768 πρῶτος,
1236 4692 1268 4749 et
1287 4682 1341 4747 ΠΙ
1362 4683 1404 4748 54
1426 4706 1434 4747 :
1462 4674 1507 4746 αῗν
1534 4678 1589 4747 ἕνα
1615 4681 1675 4762 μέν
1702 4681 1756 4747 καί
1785 4670 1914 4745 πάντων
1935 4681 2074 4768 πρῶτον,

280 4789 371 4853 sicuti
392 4789 445 4856 III
466 4790 505 4854 61
529 4813 537 4852 :
564 4784 618 4854 τάν
646 4786 701 4853 ἕνα
728 4794 793 4853 τῶν
821 4782 984 4874 τεττάρων
1004 4790 1139 4877 καιρῶν,
1169 4790 1225 4855 ubi
1251 4793 1285 4855 in
1313 4792 1421 4857 multis
1448 4790 1536 4856 libris
1564 4790 1647 4854 bene
1677 4789 1879 4855 emendatum
1908 4798 1987 4852 est:
2018 4782 2075 4853 τάν

278 4901 417 4980 πρῶτον.
467 4894 572 4975 Quem
599 4894 639 4960 ad
668 4896 798 4960 modum
829 4898 926 4982 igitur
955 4917 994 4961 ex
1026 4897 1087 4962 illis
1116 4920 1196 4984 qnos
1224 4920 1320 4985 snpra
1351 4899 1586 4962 conmemoravi
1607 4896 1685 4961 locis
1706 4919 1769 4960 uno
1792 4894 1963 4981 legendum
1986 4891 2074 4960 estd

277 5002 337 5084 μέν
357 5008 496 5088 πρῶτος,
520 5005 565 5067 εἰσ
586 5004 685 5067 altero
708 5002 941 5068 emendandum
962 5004 1119 5069 videtur:
1142 4995 1188 5068 clv
1210 5011 1338 5090 πρῶτον
1357 5004 1416 5085 μέν
1438 5003 1504 5069 κτλ.
1548 5003 1623 5068 Duo
1647 5006 1739 5068 etiam
1762 5003 1823 5067 loci
1845 5002 2073 5066 Demosthenis

277 5108 399 5176 XXIII
424 5113 460 5175 18
483 5135 490 5174 :
520 5107 552 5174 ἓν
577 5112 636 5190 μέν
663 5106 706 5188 ῶς
735 5104 829 5197 παρά
855 5107 932 5188 τούς
959 5103 1075 5192 νόμους
1099 5108 1137 5179 τά
1164 5104 1473 5200 adprobationem
1494 5103 1645 5197 δεύτερον
1667 5112 1695 5174 δ’
1716 5105 1764 5186 ῶς
1786 5101 1974 5195 άσάμφσρόν
1995 5103 2072 5193 ἐστι,

278 5227 311 5283 et
331 5217 411 5283 LVI
432 5220 494 5284 21:
515 5211 550 5283 ‘ab
569 5222 628 5299 μέν
648 5219 732 5284 τοῦτ’
754 5216 842 5283 ἐστιν
863 5215 953 5304 αὐτῷ
973 5221 1073 5304 μέρος
1093 5222 1152 5308 τῆς
1173 5211 1361 5306 άπολογίας,
1383 5212 1534 5306 δεύτερον
1555 5219 1585 5283 δ’
1605 5216 1708 5283 ἐκεῖνο
1732 5217 1867 5280 similem
1888 5217 1921 5279 in
1944 5216 2084 5280 modum·

1854 5318 1875 5382 3
