4710 5910
1166 381 1186 445 2

1032 467 1329 477 -——-—--—-

282 586 430 650 vitiorum
463 607 581 671 genere
613 587 748 649 maxime
781 583 921 647 adfectas
952 582 1140 645 resuscitare
1172 588 1226 643 ant
1258 577 1474 663 redintegrare
1508 600 1571 642 non
1603 580 1728 665 poterit.
1783 578 1835 642 Ad
1864 577 1945 643 hanc
1967 589 2081 645 autem

283 693 497 778 cognitionem
519 690 651 757 accedat
673 701 798 779 oportet
819 691 953 776 egregia
975 686 1132 774 quaedam
1154 697 1185 749 et
1206 685 1375 769 singularis
1398 683 1515 750 Graeci
1536 687 1691 750 sermonis
1713 687 1853 751 scientia.
1903 686 1972 751 Has
1995 686 2082 752 duas

281 799 412 864 virtutes
444 800 476 862 in
504 798 553 863 Tc
581 821 643 862 uno
660 799 857 872 ⁸coniunctas
888 808 920 860 et
947 817 1049 884 paene
1080 792 1242 858 absolutas
1264 793 1384 873 inesse,
1415 814 1509 857 nemo
1541 815 1581 857 ne
1612 793 1810 857 inimicorum
1839 791 1965 881 quidem
1993 816 2081 880 grex

282 906 478 971 infitiahitur.
528 906 601 992 Ego
625 927 700 979 vero
723 917 757 969 ut
778 903 894 968 codicis
917 904 1069 988 cuiusque
1091 910 1237 964 naturam
1261 911 1292 964 et
1313 898 1531 964 condicionem
1555 900 1586 963 in
1609 898 1807 985 Thucydidis
1829 899 1966 964 historiis
1987 910 2021 964 et
2042 902 2080 965 in

284 1012 457 1081 Oratorum
490 1014 630 1100 reliquiis
660 1013 793 1076 multum
823 1034 860 1075 ac
888 1031 984 1097 saepe
1015 1030 1066 1072 me
1088 1007 1334 1094 contemplatum
1358 1027 1427 1070 esse
1450 1006 1599 1088 adlirmo,
1632 1008 1676 1071 ita
1696 1005 1735 1071 ad
1757 1007 1932 1094 perfectam
1954 1005 2080 1073 Graeci

283 1121 439 1185 sermonis
467 1122 629 1184 scientiam
657 1120 790 1184 multum
817 1117 893 1181 mihi
916 1116 1009 1179 etiam
1032 1137 1116 1178 nunc
1138 1112 1249 1178 deesse
1271 1112 1354 1178 haud
1377 1116 1502 1177 nescius
1524 1136 1604 1178 sum.
1647 1112 1732 1178 Nam
1755 1115 1794 1179 ab
1816 1115 1947 1179 ineunte
1967 1124 2079 1180 aetate

282 1228 365 1293 forte
386 1227 500 1292 accidit
521 1239 556 1291 ut
578 1226 716 1291 studium
739 1226 942 1308 animumque
965 1222 1066 1307 magis
1088 1219 1128 1285 ad
1150 1221 1281 1284 latinum
1303 1242 1398 1307 quam
1420 1219 1461 1285 ad
1480 1244 1632 1307 graecum
1648 1243 1828 1285 sermonem
1844 1232 2077 1287 converterem.

282 1335 333 1400 Ita
354 1334 473 1398 factum
496 1344 553 1414 est,
575 1344 609 1398 ut
630 1355 712 1420 qnae
734 1332 773 1396 ad
788 1330 955 1396 Aeschinis
978 1328 1232 1394 emendationem
1254 1329 1523 1410 elucubraveram,
1546 1329 1625 1393 haec
1645 1339 1808 1417 tamqnam
1827 1330 1964 1395 tirocinii
1987 1330 2078 1396 rudi·

281 1452 389 1506 menta
416 1442 601 1505 emitterem.
654 1439 750 1520 Quod
780 1462 850 1503 cum
872 1439 916 1502 ita
938 1439 992 1519 sit,
1023 1435 1095 1501 Tua
1128 1438 1314 1500 anctoritate
1336 1435 1467 1500 edoctus
1497 1436 1703 1502 vehementer
1731 1439 1850 1520 laetor,
1882 1460 2013 1524 operam
2044 1448 2080 1503 et

282 1550 387 1614 oleum
408 1572 459 1614 me
481 1571 545 1613 non
567 1547 751 1635 perdidisse.
805 1546 889 1610 Nam
911 1546 944 1609 in
966 1544 1138 1610 Germania
1159 1566 1263 1607 meam
1284 1565 1413 1629 operam
1435 1543 1539 1607 adhuc
1560 1555 1614 1608 aut
1635 1545 1835 1630 ignoratione
1857 1554 2076 1631 contemptam

281 1658 384 1722 iacere
407 1667 461 1722 aut
481 1656 608 1719 incertis
630 1657 821 1719 incertorum
844 1653 1006 1717 hominum
1029 1650 1228 1716 sermonibus
1249 1649 1320 1714 rodi
1342 1660 1397 1713 aut
1411 1649 1670 1715 scholasticorum
1685 1650 1805 1715 invidia
1820 1650 1956 1737 superbo
1971 1655 2078 1739 premi

282 1765 423 1844 silentio,
446 1762 520 1826 Tibi
542 1763 683 1848 prolecto
705 1760 854 1825 credibile
876 1761 953 1842 erit,
975 1760 1027 1846 qui
1052 1758 1216 1823 doctorum
1240 1780 1348 1823 eorum
1372 1760 1428 1845 qni
1447 1757 1540 1823 hodie
1563 1759 1647 1847 apud
1670 1781 1727 1823 nos
1749 1760 1938 1823 auctoritate
1959 1759 2078 1825 florent

282 1870 543 1936 consuetudinem
573 1869 690 1955 optime
716 1868 872 1932 noveris:
904 1866 1057 1955 quidquid
1089 1869 1121 1929 in
1144 1863 1319 1930 Germania
1349 1867 1441 1945 exiit,
1473 1867 1498 1929 si
1529 1888 1592 1929 non
1619 1889 1683 1929 una
1714 1866 1821 1952 aliqua
1849 1887 1889 1931 ex
1911 1865 2077 1932 doctrinae

281 1979 405 2043 officina
432 1977 573 2058 fluxerit,
604 1976 762 2040 abiectum
792 1986 824 2039 et
853 1986 1069 2062 contemptum
1100 1973 1242 2038 habetur.
1294 1972 1475 2036 Ridiculum
1497 1971 1571 2037 Tibi
1605 1972 1698 2038 credo
1729 1973 1889 2037 videbitur
1923 1984 1955 2037 et
1986 1976 2076 2038 omni

280 2085 394 2149 rationi
417 2085 626 2162 contrarium,
650 2094 682 2148 at
702 2082 853 2146 indicavit
874 2106 975 2169 nuper
998 2084 1155 2169 quispiam
1177 2081 1259 2145 hunc
1281 2081 1312 2144 in
1334 2080 1464 2145 modum
1486 2104 1493 2144 :
1516 2080 1591 2145 illud
1614 2080 1742 2168 quidem
1765 2104 1783 2144 a
1804 2102 1855 2144 me
1878 2082 2075 2147 demonstra·

280 2202 348 2257 turn
371 2214 441 2256 esse
461 2192 531 2256 luce
553 2191 684 2275 clarius,
715 2170 837 2276 ingenti
860 2201 891 2253 et
912 2193 1056 2253 inmensa
1077 2188 1270 2253 Aeschinem
1292 2187 1453 2252 adfectum
1475 2210 1544 2252 esse
1566 2190 1760 2276 corruptela,
1791 2188 1846 2252 sed
1870 2188 1954 2276 quod
1977 2189 2076 2255 nimis

280 2299 394 2363 multas
411 2297 527 2364 Cobeti
543 2298 738 2384 aliorumque
755 2297 954 2362 coniecturas
975 2296 1173 2384 recipiendas
1196 2295 1349 2377 duxerim,
1372 2295 1431 2360 hoc
1446 2317 1521 2360 vero
1537 2295 1708 2360 admodum
1723 2295 1968 2383 vituperandum
1985 2298 2075 2362 esse!

280 2405 421 2470 Videsne
443 2406 521 2470 istos
544 2405 751 2469 homunculos
775 2427 854 2468 sana
874 2413 981 2469 mente
1003 2426 1108 2468 cassos
1131 2426 1221 2467 suam
1243 2404 1302 2468 sihi
1324 2404 1514 2490 sapientiam
1538 2403 1676 2490 sapere?
1719 2403 1803 2467 Illud
1826 2403 1964 2489 quidem,
1987 2403 2077 2490 quod

280 2516 453 2578 maximum
476 2523 538 2594 est,
570 2535 662 2577 nemo
684 2511 787 2576 adhuc
808 2510 1047 2591 animadvertit,
1077 2510 1299 2574 diversissimis
1328 2533 1368 2575 ex
1396 2512 1570 2577 rationibus
1602 2511 1779 2598 profectum
1800 2533 1851 2575 me
1873 2510 1913 2576 ad
1937 2511 2076 2576 eundem

281 2643 409 2707 prorsus
431 2619 528 2685 finem
550 2642 588 2684 ac
603 2619 651 2683 Te
673 2619 882 2706 pervenisse:
906 2617 993 2682 Tuas
1015 2616 1163 2682 videlicet
1185 2619 1381 2683 coniecturas
1403 2619 1557 2706 plurimas
1578 2641 1650 2684 mea
1673 2619 1818 2683 codicum
1841 2619 2076 2685 existimatione

282 2726 323 2792 ad
345 2727 590 2793 certissimarum
614 2726 875 2791 emendationum
896 2726 1060 2790 veritatem
1081 2727 1264 2812 provectas!

380 2833 446 2900 Sed
468 2833 563 2898 redeo
586 2833 626 2898 ad
647 2832 842 2898 Aeschinem
864 2843 1024 2911 nostrum,
1056 2856 1151 2919 quem
1179 2843 1214 2897 ut
1245 2832 1416 2920 aliquando
1449 2833 1675 2919 aproditionis
1707 2833 1838 2897 crimine
1860 2855 1912 2897 me
1934 2833 2074 2899 vindica·

281 2952 387 3007 turum
409 2964 501 3028 spero
523 2942 567 3006 ita
588 2963 673 3005 nunc
694 2939 845 3005 orationis
866 2939 981 3004 saltem
1002 2941 1085 3004 vitiis
1108 2940 1189 3004 haud
1212 2943 1321 3027 paucis
1344 2940 1534 3005 exonerabo.

381 3050 488 3134 Atque
510 3071 549 3113 ex
570 3049 672 3112 trihus
694 3048 864 3112 Aeschinis
885 3048 1079 3112 orationibus
1100 3070 1181 3135 quae
1202 3047 1331 3113 tandem
1352 3047 1489 3135 plurima
1510 3049 1705 3113 contraxerit
1726 3048 1850 3132 menda,
1872 3047 1956 3113 haud
1979 3046 2075 3112 facile

283 3165 331 3220 est
352 3155 455 3237 dictu,
478 3154 553 3219 illud
575 3155 686 3242 utique
707 3165 827 3219 certum
848 3166 905 3236 est,
921 3155 1144 3221 Timarcheam
1165 3156 1387 3221 innumerabili
1408 3178 1511 3242 paene
1531 3157 1680 3220 vitiorum
1700 3155 1902 3220 multitudine
1924 3156 2074 3220 obrutam

281 3263 335 3327 din
356 3263 490 3326 iacuisse
521 3273 745 3350 contemptam.
795 3261 891 3327 Nunc
912 3286 983 3327 cum
1005 3287 1078 3329 mea
1103 3285 1200 3351 opera
1220 3274 1288 3328 mm
1309 3262 1381 3328 Tuo
1403 3264 1532 3350 ingenio
1555 3286 1592 3328 ac
1614 3264 1766 3349 singulari
1789 3264 1932 3328 doctrina
1953 3264 2073 3327 factrrm

283 3379 347 3451 est,
369 3379 403 3433 ut
424 3372 550 3455 integra
571 3370 721 3448 orationis
742 3371 863 3458 species
883 3393 920 3435 ac
942 3370 1043 3435 forma
1065 3394 1229 3458 emergere
1252 3382 1284 3435 et
1305 3373 1395 3458 quasi
1417 3374 1593 3436 enitescere
1616 3374 1771 3457 coeperit,
1793 3383 1825 3435 at
1846 3370 1930 3435 haud
1953 3372 2074 3454 exigua

280 3485 386 3540 tamen
414 3498 487 3562 pars
516 3477 665 3541 vitiorum
695 3478 791 3540 etiam
820 3500 904 3540 nunc
933 3478 1133 3543 emendanda
1161 3480 1356 3566 relinquitur.
1401 3479 1560 3567 Equidem
1582 3502 1644 3566 quo
1667 3480 1771 3542 minus
1793 3478 1879 3565 quod
1902 3479 1975 3542 mihi
1998 3500 2071 3565 pro·

281 3604 450 3670 posueram
473 3606 553 3671 opus
575 3584 789 3665 absolverem,
819 3607 884 3648 non
910 3585 1004 3650 modo
1027 3585 1189 3651 doctrinae
1211 3585 1443 3668 mediocritate,
1466 3585 1523 3651 sed
1545 3587 1642 3650 nimia
1663 3589 1757 3651 etiam
1779 3585 1972 3651 verecundia
1994 3607 2071 3670 qua-

282 3688 356 3755 dam
378 3690 565 3755 constrictus
587 3691 787 3777 prohibebar.
843 3689 950 3770 Quare
972 3716 1071 3772 nunc,
1102 3703 1255 3779 quantum
1283 3716 1340 3780 per
1368 3695 1519 3781 temporis
1547 3696 1712 3780 angustias
1741 3693 1861 3774 licebit,
1894 3716 1975 3780 quae
2004 3702 2073 3756 tum

282 3798 450 3863 omiseram
477 3800 636 3884 corrigere
669 3809 701 3863 et
731 3799 860 3885 explere
888 3801 921 3863 in
950 3801 1055 3864 animo
1085 3812 1143 3865 est.
1193 3799 1275 3865 Rem
1305 3811 1412 3865 autem
1440 3801 1485 3865 sic
1513 3803 1674 3866 instituam
1705 3812 1740 3865 ut
1760 3801 1938 3865 orationum
1960 3799 2071 3864 ordine

282 3917 406 3970 servato
429 3907 534 3990 potius
554 3927 653 3969 novas
676 3928 856 3993 proponere
878 3906 1118 3972 emendationes
1140 3931 1235 3994 quam
1258 3910 1284 3972 si
1306 3908 1382 3996 quid
1405 3911 1473 3997 ipse
1488 3932 1602 3996 parurn
1617 3920 1702 3973 recte
1719 3910 1918 3972 constituisse
1933 3907 2071 3988 videare,

280 4012 341 4077 hoc
362 4013 506 4077 refellere
529 4011 683 4077 studeam.
726 4012 810 4079 Nam
833 4016 864 4079 in
886 4015 1028 4102 plurimis
1050 4039 1088 4080 ac
1109 4017 1254 4081 maximis
1276 4017 1515 4103 quaestionibus
1537 4039 1597 4102 ega
1617 4016 1692 4081 Tibi
1714 4017 1876 4096 assentior,
1901 4014 1940 4078 de
1963 4014 2071 4100 parvis

282 4142 358 4185 vero
381 4120 567 4208 disceptare,
590 4143 685 4207 quam
708 4122 762 4187 diu
783 4124 903 4188 maiora
925 4136 1089 4189 remanent
1110 4127 1194 4206 vitia,
1217 4148 1280 4189 non
1302 4124 1428 4190 videtur
1450 4125 1527 4189 mihi
1548 4146 1664 4211 operae
1685 4125 1822 4210 pretinm
1843 4123 1994 4186 futurum.

380 4228 488 4292 114:
518 4230 692 4317 σκέψασθε
725 4225 765 4315 δη
792 4226 836 4306 ὠς
863 4231 983 4308 καλῶς,
1014 4218 1040 4295 ni
1068 4227 1194 4317 ἄνδρες,
1228 4232 1344 4312 ζῶντος
1371 4232 1431 4312 μὲν
1459 4222 1563 4297 αὐτοῦ
1591 4227 1788 4319 ἀφαιρεῖται
1814 4225 1870 4316 την
1889 4224 1996 4315 ὄνησιν
2015 4234 2073 4313 τῆς

281 4334 511 4416 παιδοποιίας,
533 4328 649 4423 ὥσπερ
670 4336 790 4415 ἐκεῖνος
809 4344 866 4404 νοῦ
884 4336 1010 4414 παιδὸς
1030 4337 1087 4426 τήν
1109 4340 1303 4426 παρρησίαν,
1324 4331 1558 4426 τελευτήσαντα
1579 4335 1608 4404 δ’
1620 4335 1725 4423 αὐτὸν,
1747 4335 1834 4419 ἡνίκα
1853 4335 1871 4402 ὁ
1889 4335 1948 4418 μὲν
1970 4327 2072 4422 arisp-

281 4433 471 4526 γετούμενος
490 4433 547 4507 οὐκ
569 4438 762 4512 αἰσθάνεται
783 4434 828 4510 ὧν
847 4435 886 4513 εὖ
904 4439 1036 4528 πάσχει,
1058 4453 1194 4527 τιμᾶται
1216 4447 1254 4512 δὲ
1274 4441 1407 4527 ὀνόμος
1428 4449 1482 4513 καί
1503 4442 1543 4512 νδ
1564 4451 1668 4531 θεῖον,
1690 4439 1833 4511 θάπτειν
1853 4440 1914 4532 ἤδη
1936 4436 2070 4509 κελεύει.

281 4546 355 4612 Hoc
380 4548 450 4614 loco
479 4572 551 4615 cum
579 4552 611 4616 in
641 4552 801 4618 codicibus
824 4554 855 4619 A
883 4543 994 4637 ὥσπερ
1022 4552 1141 4630 ἐκεῖνος
1163 4552 1285 4620 ἐκείνου
1305 4550 1360 4639 την
1381 4555 1583 4642 παρρησίαν,
1613 4555 1644 4618 in
1667 4554 1696 4619 B
1725 4547 1842 4639 ὥσπερ
1870 4550 1989 4626 ἐκεῖνος
2013 4552 2072 4616 aori

283 4652 410 4733 πανδός
428 4656 485 4746 την
505 4662 691 4748 παρρησίαν
712 4664 864 4750 scriptum
886 4673 1005 4743 exstet,
1039 4663 1120 4727 hanc
1143 4660 1271 4749 quidem
1294 4664 1482 4749 scripturam
1504 4663 1648 4727 codicum
1669 4660 1698 4725 B
1718 4684 1778 4749 pro
1800 4661 1981 4726 coniectura
2002 4681 2072 4724 esse

281 4763 479 4848 habendam,
500 4770 533 4832 in
554 4770 623 4856 ipso
645 4780 752 4835 autem
773 4770 958 4858 Archetypo
981 4771 1193 4857 corruptelam
1214 4769 1265 4833 vel
1287 4769 1432 4835 lacunam
1452 4771 1550 4836 fnisse
1574 4769 1778 4834 manifestum
1800 4780 1858 4832 est.
1901 4766 2074 4846 Quaeritur

282 4874 355 4957 iam,
376 4897 453 4939 num
474 4876 535 4941 hac
554 4878 624 4964 ipsa
645 4879 828 4943 coniectura
848 4878 889 4943 ad
910 4879 1076 4943 veritatem
1096 4887 1285 4965 perventum
1306 4879 1355 4941 sit.
1385 4877 1430 4942 Et
1450 4879 1586 4966 primum
1608 4900 1672 4941 vox
1692 4874 1862 4963 παρρησία
1884 4896 2073 4940 conmunem

282 4980 336 5045 ills
357 4982 485 5068 quidem
506 4982 684 5048 libertatem
706 4984 873 5070 significat,
897 4997 930 5050 at
951 4987 1113 5073 propriam
1133 4997 1242 5051 tamen
1262 4985 1364 5071 magis
1385 4985 1512 5072 publice
1533 4984 1658 5050 dicendi
1673 5008 1768 5072 quam
1784 4987 1940 5072 privatam
1955 4980 2072 5069 agendi

281 5087 468 5173 libertatem,
491 5091 530 5156 cf.
545 5090 653 5158 1116:
675 5086 728 5158 ὅτι
746 5094 780 5158 ἐν
793 5090 897 5181 ταύτῃ
910 5097 949 5181 τῇ
964 5087 1066 5181 ἡμέρᾳ
1078 5092 1191 5174 μέλλει
1210 5087 1267 5181 τήν
1289 5099 1401 5182 ψῆφον
1422 5093 1536 5179 φέρειν
1557 5092 1636 5178 περὶ
1656 5098 1714 5178 τῆς
1733 5088 1851 5157 ἑαυτοῦ
1873 5087 2071 5177 παρρησίας.

281 5194 353 5262 Nec
381 5197 435 5262 illa
462 5200 566 5285 magis
593 5199 675 5265 lilius
703 5200 839 5288 inpubes
866 5224 962 5290 quam
990 5213 1083 5289 pater
1102 5203 1172 5290 ipse
1193 5201 1367 5268 secundum
1389 5223 1460 5267 eam
1483 5223 1578 5287 quam
1599 5199 1742 5264 recitavit
1762 5198 1940 5263 Aeschines
1962 5198 2068 5282 legem
