4710 5910
1188 358 1229 423 20
1314 460 1318 470 .

317 555 403 643 λέγει
426 551 477 621 ἐπ’
497 544 609 632 αύτοῖς
630 551 762 621 ἔπαινον
779 551 835 621 cdv
854 553 1030 642 πρέποντα.
1074 556 1145 620 Νεο
1174 556 1329 620 absonum
1362 567 1411 621 est
1433 558 1602 622 contulisse
1623 556 1720 622 Hom.
1742 560 1775 623 Δ
1794 558 1853 625 178
1874 582 1882 622 :
1912 558 1987 624 αἵθ’
2008 553 2112 636 οὕτως

317 660 375 731 ἐπί
396 667 482 730 πᾶσι
502 652 597 745 χόλον
618 664 752 730 τελέσει’
774 659 988 750 Ἀγαμέμνων.

416 772 533 837 Mirum
556 773 641 854 mihi,
664 773 766 838 fateor
788 773 881 856 enirn,
904 772 946 838 ad
968 794 1060 837 aures
1082 771 1207 855 accidit,
1230 770 1316 858 quod
1338 771 1378 836 ad
1400 770 1453 837 III
1476 772 1544 837 16:
1568 767 1721 859 ύμέτερον
1740 767 1832 859 ἔργον
1852 768 1937 841 ἐστίν
1958 764 2110 860 ἀπομνη-

315 871 463 963 μονεύειν
482 879 616 945 verbum
638 880 870 944 substantivum
891 879 1147 967 inpersonalibus
1169 879 1359 945 dictionibus
1380 902 1544 967 nunquam
1567 880 1750 946 adiunctum
1772 903 1843 947 esse
1865 883 1981 949 dixisti.
2025 884 2110 949 Nam

316 987 393 1053 illud
415 986 543 1074 quidem
565 996 697 1071 constat,
719 988 902 1075 saepissime
923 987 984 1051 hoc
1005 986 1139 1052 verbum
1161 989 1193 1052 in
1209 988 1302 1052 simili
1316 989 1439 1052 ratione
1454 1009 1525 1052 ease
1541 989 1703 1071 omissum,
1726 998 1759 1053 at
1774 1011 1901 1076 semper
1915 991 1977 1055 hoc
1990 991 2110 1056 factum

318 1097 476 1161 constanti
504 1118 562 1160 usu
584 1096 654 1182 quis
676 1116 794 1181 quaero
816 1094 878 1158 hoo
898 1092 1068 1159 adfirmare
1088 1094 1233 1161 audeat?
1286 1095 1381 1160 Hanc
1402 1095 1548 1182 regulam
1570 1097 1596 1160 si
1617 1118 1805 1182 sequamur,
1840 1119 1900 1184 ego
1927 1119 2040 1163 vereor
2067 1121 2109 1166 ue

316 1212 435 1268 terram
455 1204 543 1267 coelo
565 1200 762 1267 confundere
784 1200 966 1265 videamur!
1010 1202 1080 1266 Nec
1101 1224 1178 1267 vero
1201 1201 1288 1267 aliud
1309 1202 1456 1290 profecto
1477 1213 1527 1267 est
1540 1211 1661 1268 tantam
1676 1204 1783 1289 legum
1799 1207 2002 1270 severitatem
2016 1227 2109 1292 prae·

315 1310 454 1375 scribere
495 1331 590 1395 quam
622 1308 734 1374 altiora
767 1308 882 1372 mentis
916 1307 1073 1374 humanae
1103 1309 1209 1375 studia
1244 1310 1360 1397 exiguo
1394 1309 1532 1397 quodam
1562 1312 1697 1375 carceris
1728 1334 1808 1398 gyro
1842 1313 2108 1378 circumscribere.

315 1417 471 1504 Idemque
492 1418 594 1482 sentio
617 1414 702 1503 quod
716 1415 769 1480 HI
783 1416 824 1480 26
845 1416 1047 1502 perticipium
1066 1407 1262 1499 βουλόμενος
1284 1419 1392 1505 effingi
1408 1417 1481 1483 Tibi
1502 1418 1615 1506 placet.
1650 1419 1778 1483 Etenim
1800 1420 1861 1484 ieta
1881 1418 2108 1507 conpositionis

316 1534 349 1589 et
371 1525 588 1610 angustiarum
609 1523 772 1607 liberatio,
800 1525 858 1588 etsi
890 1545 962 1588 raro
984 1523 1181 1590 admittenda
1202 1536 1266 1606 est,
1295 1535 1328 1590 et
1348 1547 1388 1591 ex
1411 1525 1481 1612 ipsa
1501 1525 1659 1592 humanae
1676 1527 1792 1591 mentis
1814 1537 1928 1592 natura
1949 1537 2046 1615 atque
2068 1549 2108 1593 ex

315 1631 469 1698 libertatis
492 1631 594 1696 studio
617 1652 746 1696 manare
768 1630 844 1694 mihi
866 1631 1001 1696 videtur.

415 1740 486 1804 Nec
506 1739 610 1803 minus
632 1760 693 1827 ego
708 1761 821 1804 verum
842 1748 875 1804 et
895 1762 1008 1804 sanum
1030 1762 1100 1804 esse
1122 1740 1257 1806 arbitror
1271 1738 1324 1805 111
1338 1742 1401 1808 34:
1423 1740 1457 1805 ἐν
1477 1745 1525 1825 τῷ
1548 1729 1641 1825 δῆμφ
1664 1737 1697 1805 ἐν
1711 1740 1814 1807 Πυκνὶ
1836 1739 1868 1807 ἐν
1887 1746 1927 1828 τῇ
1947 1738 2108 1829 ἐκκλησίᾳ.

315 1846 390 1913 Non
421 1847 672 1934 repraesentavit
693 1845 868 1911 Aeschines
889 1846 970 1933 legis
992 1848 1091 1934 ipsius
1113 1847 1363 1934 simplicitatem,
1395 1846 1451 1912 sed
1483 1849 1621 1913 oratoria
1649 1846 1787 1935 quadam
1812 1849 1844 1912 vi
1874 1859 1907 1913 et
1939 1849 2110 1915 verborum

316 1944 525 2019 cumulatione
548 1954 682 2019 eandem
704 1955 753 2019 bis
776 1977 813 2019 ao
834 1966 882 2019 ter
904 1957 1096 2020 sententiam
1118 1954 1257 2019 iudicum
1279 1956 1409 2020 auribus
1424 1955 1603 2020 inculcavit.
1642 1954 1768 2020 Deinde
1783 1954 1997 2021 firmissimum
2013 1955 2108 2022 credo

314 2060 392 2128 illud
422 2084 540 2126 nomen
568 2060 795 2131 adminiculum
822 2062 920 2127 habet
949 2062 1009 2126 hoc
1041 2063 1183 2127 subiecto
1206 2064 1400 2127 enuntiato:
1430 2057 1509 2128 ούδέ
1539 2054 1815 2148 ἐκκλησιαζόντων
1834 2057 2013 2151 Ἀθηναίων
2041 2062 2108 2129 κτλ.

317 2168 412 2249 Quod
442 2168 570 2256 quidem
598 2192 713 2234 causae
744 2169 817 2252 fuit,
850 2192 906 2234 cur
935 2192 996 2256 ego
1027 2170 1122 2257 paulo
1151 2180 1224 2235 ante
1251 2162 1309 2233 ούκ
1330 2164 1364 2233 ἐν
1384 2170 1486 2236 Πυκνὶ
1509 2159 1580 2235 a’tu
1602 2169 1635 2237 ἐν
1654 2175 1705 2257 τῷ
1724 2159 1862 2256 θεάτρῳ
1886 2170 2110 2257 corrigendum

317 2299 387 2343 esse
408 2287 563 2365 putarem.

414 2384 467 2449 III
486 2385 528 2451 42
550 2407 558 2448 ε
579 2374 636 2449 καί
664 2385 753 2448 ταῦτ’
774 2378 936 2472 ἔπραττον
963 2375 1024 2467 οὐχ
1052 2377 1165 2471 ὥσπερ
1194 2382 1228 2451 οῖ
1256 2379 1322 2450 dud
1340 2390 1398 2469 τῆς
1417 2384 1538 2472 βουλῆς
1557 2384 1613 2470 τῆς
1633 2380 1795 2471 ὑμετέρας
1815 2375 2111 2472 στεφανούμενοιῆ
2179 2400 2183 2406 ’

314 2487 383 2556 ύπύ
409 2491 470 2556 τοῦ
502 2483 620 2574 δήμου,
650 2490 824 2568 πείσαντες
852 2487 936 2574 ὑμᾶς
957 2491 1011 2558 καὶ
1031 2484 1116 2574 μετύ
1136 2492 1365 2578 φηφίσματος,
1395 2484 1517 2575 nothis
1537 2483 1632 2578 χάριν
1653 2491 1893 2574 καταθέμενοι,
1924 2485 1993 2556 ἀλλ’
2015 2486 2109 2558 αύτοί

314 2589 527 2685 προελόμενοι
548 2593 624 2664 ἄνευ
646 2593 807 2685 δόγματος
831 2593 995 2686 ύμετέροο.
1039 2599 1215 2666 Emendari
1237 2599 1311 2664 Tibi
1332 2600 1451 2688 placuit
1471 2588 1491 2685 ἢ
1510 2595 1542 2664 οἱ
1563 2593 1629 2664 tuo
1647 2598 1706 2664 τοῦ
1727 2593 1849 2684 δήμου,
1880 2597 1966 2685 quod
1999 2620 2108 2664 neces-

314 2707 431 2772 sarium
462 2707 607 2794 profecto
638 2706 765 2771 videtur
776 2757 785 2789 ‚
818 2707 879 2771 uisi
910 2708 1011 2772 omnis
1043 2708 1163 2774 maiore
1195 2706 1333 2795 quadam
1361 2707 1486 2772 macula
1516 2708 1578 2773 ista
1599 2707 1756 2772 sententia
1778 2727 1908 2792 aspersa
1929 2705 2109 2772 haberetur.

313 2813 400 2880 Nam
428 2815 454 2878 si
477 2815 532 2901 qui
553 2816 587 2878 in
609 2824 723 2879 senatu
744 2824 949 2898 ornarentur,
981 2815 1066 2879 hunc
1087 2814 1218 2901 quidem
1239 2815 1391 2881 honorem
1413 2836 1478 2879 uon
1498 2814 1664 2902 plebiscito
1685 2813 1993 2900 consequebantur:
2024 2813 2109 2878 cadit

313 2922 375 2987 hoc
402 2923 435 2986 in
463 2944 535 3006 eos,
565 2925 621 3010 qui
650 2923 769 3010 populo
798 2925 831 2987 in
863 2925 1009 2989 contione
1037 2923 1210 2989 coronandi
1239 2921 1431 2988 viderentur.
1486 2918 1702 3000 Quamobrem
1723 2922 1831 2985 nescio
1853 2943 1894 2986 an
1916 2921 2105 3004 Aeschines,

315 3054 386 3096 cum
413 3032 600 3118 praesertim
629 3033 661 3095 in
688 3029 849 3096 codicibus
878 3033 911 3096 B
943 3032 1111 3096 articulum
1139 3040 1211 3097 ante
1237 3025 1305 3096 dno*
1335 3035 1392 3114 τῆς
1410 3027 1528 3114 βουλῆς
1559 3028 1672 3094 abesse
1701 3026 1843 3110 videam,
1877 3013 2049 3116 simplicius
2076 3036 2108 3093 et

313 3139 421 3203 verius
436 3138 537 3204 dixit:
560 3139 614 3204 καί
635 3129 726 3203 ταῦτ’
746 3134 912 3223 ἔπραττον
933 3134 992 3222 οὐχ
1013 3129 1126 3225 ὥσπερ
1147 3136 1180 3204 οἱ
1202 3133 1270 3203 ύπὸ
1289 3143 1348 3203 τοῦ
1368 3133 1474 3225 δημοο
1495 3127 1749 3222 στεφανούμενοι
1769 3133 1834 3200 κτλ.
1871 3133 1955 3199 Illud
1971 3133 2109 3221 denique

313 3239 369 3311 καί
388 3242 474 3328 μετοῖ
495 3246 711 3335 ψηφίσματος
731 3257 879 3335 paratum
901 3248 1070 3312 metuisse
1090 3248 1232 3329 abolere,
1255 3246 1315 3311 nisi
1335 3245 1520 3333 prohiberet
1540 3245 1635 3310 Dem.
1658 3242 1740 3308 LlX
1764 3244 1801 3309 18
1823 3241 1950 3327 (Dind.)
1972 3244 2107 3308 auctori-

313 3362 373 3438 tas,
394 3354 559 3441 professus
582 3377 659 3419 sum
675 3356 707 3419 in
731 3355 872 3420 editione
893 3354 1104 3420 Berolinensi.

412 3460 466 3525 ΠΙ
479 3463 543 3527 44;
567 3460 665 3526 deleri
686 3462 806 3526 iussisti
828 3462 926 3529 verba
946 3462 1000 3527 illa
1020 3456 1059 3528 οοΙ
1079 3458 1143 3549 γαρ
1166 3455 1301 3543 ἔξεστιν,
1323 3463 1398 3548 quia
1420 3460 1507 3548 quod
1527 3481 1591 3524 non
1612 3458 1724 3524 liceret
1737 3458 1875 3523 Athenis
1897 3468 1984 3523 certo
1999 3468 2108 3523 mmen

313 3568 383 3634 lieri
408 3569 533 3633 soleret.
587 3567 660 3632 Hoc
687 3567 817 3654 quidem
838 3590 949 3633 verum
972 3592 1042 3635 esse
1064 3592 1130 3634 non
1150 3592 1269 3657 pugno.
1323 3570 1370 3632 At
1391 3567 1567 3633 Aeschines
1591 3566 1733 3632 consulto
1757 3567 1891 3630 sustinet
1912 3564 2106 3629 cavillatoris

312 3677 429 3764 partis,
462 3685 497 3740 ut
528 3675 559 3739 in
593 3697 685 3739 suum
712 3674 861 3740 videlicet
889 3698 982 3741 usum
1007 3676 1090 3741 hanc
1121 3677 1394 3764 opportunitatem
1421 3682 1596 3739 convertat
1649 3670 1744 3753 Quod
1772 3669 1901 3758 quidem
1923 3671 1990 3736 fieri
2012 3692 2107 3759 posse

314 3785 434 3870 optime
455 3790 605 3864 noverat,
633 3791 669 3846 ut
689 3779 873 3847 adversario
896 3804 1025 3848 omnem
1046 3782 1166 3848 aditum
1187 3781 1352 3848 refellendi
1373 3783 1422 3847 sui
1442 3781 1684 3864 intercluderet,
1714 3780 1809 3845 fricta
1828 3779 1932 3844 fronte
1953 3778 2022 3844 fieri
2042 3803 2107 3845 non

313 3913 410 3980 posse
432 3889 601 3954 simulavit.
644 3891 750 3955 Nemo
772 3888 976 3978 inpudentius
999 3892 1091 3955 istam
1110 3892 1187 3976 βίαν
1213 3893 1356 3956 exercuit
1377 3913 1473 3977 quam
1494 3891 1563 3979 ipse
1584 3888 1829 3955 Demosthenes.
1873 3885 1959 3966 Quid
1979 3886 2107 3974 igitur?

313 3999 509 4064 Aeschinem
538 3996 640 4062 credis
668 3997 829 4062 emendari
858 3996 978 4063 debere
1006 3999 1047 4063 ad
1074 3999 1288 4064 innocentiam
1318 4009 1415 4086 atque
1442 3999 1660 4083 integritatem
1680 3996 1795 4059 mentis
1817 3994 1989 4060 exactum?
2032 3995 2106 4082 Ego

313 4106 417 4172 adhuc
437 4107 471 4170 in
486 4113 646 4169 oratorum
668 4105 880 4170 monumentis
904 4107 1010 4171 omnia
1028 4106 1266 4172 mendaciorum
1288 4107 1473 4195 plenissima
1493 4106 1570 4171 mihi
1591 4105 1752 4171 invenisse
1773 4101 1891 4167 videor.
1925 4101 1995 4167 Nec
2016 4102 2108 4167 aliter

312 4236 365 4279 res
387 4236 421 4279 se
443 4213 540 4278 habet
554 4212 606 4277 III
620 4214 683 4278 49:
706 4207 762 4279 καί
781 4209 835 4279 τόν
855 4209 980 4301 κη’ρυκα
1001 4204 1209 4302 ἀναγορεύειν
1230 4209 1263 4278 ἕν
1281 4220 1330 4300 τῷ
1350 4213 1486 4303 θεάτρῳ
1506 4204 1589 4300 πρὸς
1602 4201 1855 4298 τούςἛλληνας,
1876 4203 1926 4275 ὅτι
1948 4212 2110 4297 στεφανοῖ

314 4317 411 4388 αὐτὸν
430 4316 451 4386 o‘
473 4322 577 4409 δῆμος
597 4316 615 4386 ὁ
635 4314 817 4407 Ἀθηναίων
836 4316 956 4409 α’ρετῆς
975 4319 1067 4388 ἕνεκα
1087 4323 1142 4389 καί
1164 4313 1405 4413 ύνδραγαθίας.
1455 4320 1561 4387 Nemo
1592 4320 1736 4408 profecto
1757 4317 1835 4384 illud
1856 4318 1917 4382 sibi
1937 4319 2107 4405 persuasit,

312 4431 347 4496 in
367 4431 438 4517 ipsa
457 4430 530 4517 lege
552 4424 637 4516 πρὸς
657 4422 732 4505 τούς
745 4423 900 4517 Ἓλληνας
919 4432 1070 4519 scriptum
1091 4433 1199 4500 fuisse.
1253 4431 1340 4512 Quid
1369 4430 1473 4520 ergo?
1520 4429 1594 4495 Hoc
1615 4449 1729 4494 causae
1750 4448 1821 4493 esse
1842 4426 2040 4514 putabimus,
2071 4434 2115 4498 ut

312 4538 414 4603 verba
433 4539 495 4602 ista
516 4539 750 4625 excerpamus?
793 4536 925 4603 Minime
947 4540 1040 4603 vero!
1082 4540 1211 4606 Etenim
1237 4540 1353 4628 duplici
1384 4548 1525 4605 oratores
1553 4536 1656 4602 aliena
1683 4534 1778 4600 modo
1807 4534 1907 4600 verba
1926 4541 2106 4620 repetunt:

313 4654 369 4712 aut
395 4646 440 4710 ita
470 4655 505 4709 ut
528 4644 605 4708 nihil
627 4644 824 4710 admisceant
845 4657 899 4710 aut
918 4648 984 4710 irae
1006 4648 1088 4712 risus
1111 4658 1311 4735 contemptus
1333 4670 1444 4729 causa,
1480 4646 1564 4732 quod
1593 4645 1773 4711 acerbitatis
1800 4641 1966 4707 hilaritatis
1999 4650 2106 4706 contu·

313 4754 427 4820 meliae
448 4754 514 4817 rim
535 4752 660 4835 habeat,
682 4754 879 4818 extrinsecus
900 4752 1106 4842 adspergunt.
1142 4754 1215 4819 Hoc
1237 4776 1313 4820 vero
1335 4755 1524 4819 nostratium
1546 4753 1642 4818 etiam
1664 4761 1806 4816 oratores
1826 4751 1859 4813 in
1879 4749 2012 4835 publicis
2032 4771 2105 4812 con-

313 4861 462 4926 ventibus
490 4870 655 4947 tamquam
683 4882 776 4923 suum
805 4861 971 4926 artificium
998 4860 1191 4927 venditant:
1226 4863 1376 4926 nimirum
1404 4860 1523 4947 ubique
1550 4868 1663 4924 natura
1683 4858 1822 4922 humana
1842 4865 1874 4921 et
1896 4877 2009 4921 sensus
2031 4877 2106 4919 con·

312 4969 418 5034 munis
439 4968 543 5033 valet!
586 4967 638 5033 cf.
661 4966 676 5030 I
701 4968 789 5033 163:
813 4960 1051 5056 ἐμισθωσάμην
1057 5019 1066 5053 ,
1087 4957 1114 5033 ὦ
1132 4963 1310 5055 Ἀθηναῖοι,
1334 4967 1502 5054 Τίμαρχον
1523 4963 1666 5054 ἑταιρεῖν
1685 4963 1819 5049 ἐμαυτῷ
1838 4957 1921 5028 κατὰ
1941 4957 1979 5027 τύ
2000 4984 2107 5049 γραμ-

312 5081 444 5158 ματεῖον
464 5073 501 5141 τὸ
522 5068 615 5162 παρα
635 5073 842 5162 Δημοσθένει
863 5074 1015 5157 κείμενον.
2008 5068 2014 5086 '
