4710 5910
1243 352 1281 416 10

470 545 505 612 Π
526 548 567 613 34
589 569 596 610 :
619 547 674 612 καί
694 539 757 632 γάρ
779 541 862 630 πρός
883 540 978 612 αὐτόν
996 541 1050 612 τόν
1071 545 1236 634 φίλιππον
1256 547 1311 613 καί
1333 542 1418 633 πρός
1437 543 1516 624 τοός
1536 544 1686 633 έταίρους
1706 539 1829 638 [αὐτοῦ]
1859 542 2029 636 ἐξήγγελτο
2050 547 2070 638 ἡ
2097 557 2160 616 τῶν

370 651 571 738 ἐπαγγελιῶν
593 647 767 739 ὑπερβολή.
812 652 896 719 Satis
920 664 969 719 est
990 657 1102 741 opinor
1123 651 1206 740 πρός
1227 652 1303 730 τούς
1330 651 1492 740 ἑταίρους,
1514 677 1690 742 pronomen
1712 653 1815 722 αὐτοῦ
1835 660 1986 724 incertam
2011 661 2045 724 in
2067 659 2158 725 codd.

371 761 481 826 sedem
502 761 608 825 habet.
680 821 685 830 .

468 867 504 933 Π
525 871 566 935 35
588 893 595 932 :
618 864 638 933 o‘
660 868 689 933 δ’
710 864 758 944 ῶς
779 857 870 950 άπαξ
891 862 1060 955 ἐταράχθη
1082 859 1138 934 καί
1157 875 1218 933 τῶν
1238 865 1461 954 γεγραμμένων
1482 861 1663 957 διεσφάλη,
1684 865 1753 934 οὐδ’
1775 867 1949 954 ἀναλαβεῖν
1970 867 2040 962 [ἐτι]
2063 867 2161 941 αὐτόν

371 967 518 1062 ἐδυνήθηΙ
562 976 719 1042 Vitiosum
741 987 791 1042 est
812 973 870 1058 ἐτι,
892 980 995 1042 omnis
1016 979 1086 1041 soni
1107 979 1188 1041 ictus
1210 977 1295 1042 cadit
1315 978 1347 1041 in
1368 969 1438 1042 οὐδ’
1459 973 1646 1059 ἀναλαβεῖν.

468 1084 562 1149 1141
587 1107 595 1147 r
617 1079 687 1165 ἐμοὶ
712 1083 750 1149 δέ
772 1083 1035 1169 παρακολουθῶν
1054 1085 1110 1151 καὶ
1131 1078 1186 1170 τήν
1206 1077 1305 1172 φάσιν
1325 1083 1517 1170 μακαρίζων
1539 1076 1605 1172 [καί
1625 1082 1698 1161 τούς
1720 1082 1837 1171 λόγους
1857 1075 1915 1162 οὓς
1944 1079 2036 1155 alnov
2065 1086 2158 1171 ἐγκω·

368 1184 507 1280 μιάζων]
530 1189 634 1268 πολές
655 1180 689 1275 ήν
709 1191 742 1257 ἐν
761 1197 830 1269 τοῖς
849 1192 998 1269 ἐπαίνοις
1011 1196 1066 1258 καί
1081 1181 1242 1278 ἐπαχθής.
1285 1190 1421 1257 Codices
1436 1194 1583 1258 meliores
1598 1195 1745 1258 omittunt
1759 1194 1841 1259 hanc
1855 1196 2159 1284 interpretationem,

369 1310 455 1364 recte
479 1301 600 1387 opinor,
623 1301 697 1386 quia
719 1300 894 1364 orationum
918 1300 1109 1387 praedicatio
1131 1302 1164 1363 in
1184 1299 1331 1364 laudibus
1349 1300 1470 1385 ingenii
1491 1300 1569 1386 ipsis
1590 1301 1819 1376 continebatur.

468 1406 502 1471 Π
523 1409 563 1472 44
586 1429 594 1470 :
615 1399 671 1471 ἐάν
693 1407 729 1471 δέ
746 1430 803 1488 μοι
824 1414 872 1491 τῶ
893 1401 1105 1473 κινδυνεύοντι
1125 1403 1231 1472 εἰπεῖν
1252 1406 1334 1471 δῶτε
1355 1401 1402 1482 ῶς
1422 1401 1594 1487 βούλομαι,
1615 1399 1671 1472 καί
1692 1407 1797 1475 σῶσαί
1817 1431 1860 1492 με
1880 1405 1912 1476 εἰ
1932 1407 2033 1495 μηδέν
2052 1403 2160 1475 ἀδικῶ

369 1507 557 1598 δυνήσεσθε,
589 1504 702 1591 ἱκανάς
723 1505 892 1602 εἰληφότες
911 1505 1083 1604 ἀφορμάς,
1113 1516 1166 1581 καί
1190 1513 1385 1579 θεάσασθαι
1416 1509 1450 1579 ἐκ
1478 1520 1541 1578 τῶν
1568 1510 1823 1602 ὁμολογουμένων
1852 1512 1895 1582 τά
1925 1511 2158 1602 ἀναλεγόμενοι.

370 1621 622 1708 Conplexionem
642 1624 735 1687 istam
758 1626 984 1689 sententiarum
1005 1625 1183 1689 intricatam
1205 1633 1237 1687 et
1250 1622 1417 1687 obscuram
1440 1624 1485 1686 sic
1496 1624 1648 1709 explicari
1669 1633 1700 1688 et
1715 1626 1861 1690 constitui
1877 1647 1972 1712 posse
1987 1626 2158 1690 existimo:

368 1724 427 1796 ἐάν
449 1729 485 1794 δέ
505 1752 561 1811 μοι
581 1781 610 1796 ..
632 1726 739 1795 εἰπεῖν
760 1730 842 1796 δῶτε
862 1725 906 1808 ῶς
925 1724 1101 1813 βούλομαι,
1124 1723 1180 1795 καί
1201 1730 1305 1795 σῶσαί
1326 1733 1369 1813 μ’,
1391 1721 1431 1796 ἀν
1449 1728 1549 1815 μηδέν
1569 1725 1696 1796 ἀδικεῖν
1716 1731 1811 1813 δοκῶ,
1833 1725 2026 1819 δυνήσεσθε,
2047 1727 2161 1810 ίκανάς

371 1829 540 1923 εἰληφότες
559 1827 714 1924 ἀφορμάς
734 1828 928 1903 θεάσασθαι
951 1837 985 1903 ἐκ
1005 1842 1068 1903 τῶν
1087 1832 1344 1921 ὁμολογουμένων
1364 1834 1405 1902 τά
1426 1828 1658 1922 ἐπιλεγόμενα.

451 1945 486 2009 ΙΙ
507 1946 548 2010 49
570 1969 577 2008 :
600 1941 695 2010 ου’δέν
715 1940 776 2030 γάρ
797 1936 880 2010 εἰναι
903 1944 981 2032 ῥᾷον
1003 1940 1034 2032 [ἢ
1054 1943 1236 2028 πρεσβείαν
1257 1940 1474 2034 ἀπαγγεῖλαι].
1518 1942 1678 2010 Omittunt
1698 1945 1843 2009 meliores
1864 1945 1935 2009 libri
1955 1935 1989 2031 ἢ,
2013 1945 2160 2011 fraudem

369 2051 538 2116 sciolorum
560 2053 757 2139 patefacturi.
801 2052 910 2117 Verba
931 2055 1015 2117 enim
1036 2048 1131 2118 οὐδέν
1153 2043 1236 2118 εἰναι
1256 2052 1334 2140 ῥᾷον
1355 2054 1515 2139 pertinent
1535 2053 1574 2117 ad
1598 2053 1712 2117 malam
1734 2052 1820 2116 illam
1842 2052 2004 2118 rhetorum
2026 2075 2158 2119 consue·

367 2159 519 2240 tudinem,
542 2163 596 2246 qui
619 2155 893 2245 ἀποδιατρίβουσι
912 2155 968 2244 τήν
988 2156 1166 2245 ὑπερόριον
1187 2156 1304 2225 λαλιάν
1324 2156 1511 2246 ἀγαπῶντες
1531 2154 1654 2234 ἐντοῖς
1674 2155 1806 2234 οἰκείοις
1826 2151 2024 2244 πράγμασιν.

468 2265 503 2330 Π
522 2267 561 2330 bl
585 2289 593 2330 ι
616 2268 671 2333 καί
695 2264 870 2357 σκέψασθε
891 2265 939 2351 δέ,
960 2261 1035 2355 ἐφη,
1056 2261 1100 2342 ῶς
1120 2256 1281 2348 συντόμως
1302 2268 1356 2334 καὶ
1378 2261 1485 2333 τάλλα
1514 2261 1643 2356 [πάντα]
1673 2262 1853 2351 ἀπαγγελῶ.
1903 2267 2073 2332 Emblema
2099 2267 2161 2333 hoc

368 2375 513 2459 coarguit
535 2373 595 2454 Ad,
618 2396 675 2461 pro
697 2373 733 2440 δέ
755 2386 861 2440 autem
884 2368 925 2460 δή
945 2375 1038 2439 scribi
1060 2375 1164 2456 debet,
1187 2376 1227 2439 cf.
1250 2375 1278 2438 F
1281 2375 1455 2461 robberger
1476 2373 1554 2459 Lys.
1578 2375 1640 2438 vol.
1662 2373 1716 2438 III
1737 2398 1767 2460 p.
1792 2374 1861 2438 188.

466 2480 501 2545 II
525 2482 582 2547 137
606 2504 613 2546 :
636 2487 697 2547 τῶν
717 2483 745 2548 δ
764 2480 898 2567 ἐναίρων
926 2480 1011 2557 τινές
1043 2483 1107 2546 τῶν
1137 2481 1306 2548 Φιλίππου
1336 2472 1376 2548 σά
1405 2473 1583 2568 διαρρήδην
1607 2472 1692 2567 πρός
1719 2503 1810 2557 τινας
1836 2478 1925 2568 ήμῶν
1952 2474 2059 2565 ἐλεγον
2090 2480 2158 2546 κτλ.

368 2587 406 2652 ln
429 2599 517 2653 tanta
539 2612 635 2654 causa
662 2603 692 2654 et
714 2591 857 2676 periculo
880 2591 1032 2654 Aeschini
1054 2593 1156 2675 magis
1180 2590 1373 2678 expediebat
1400 2589 1505 2655 dicere
1526 2588 1559 2654 id
1582 2588 1667 2676 quod
1688 2590 1721 2654 in
1742 2592 1861 2676 optimo
1890 2591 1970 2655 libro
2001 2599 2161 2655 servatum

367 2706 415 2760 est
436 2719 444 2759 :
465 2688 553 2782 πρός
572 2691 660 2783 ἡμᾶς
680 2691 798 2782 ἔλεγον.

465 2803 500 2867 ΙΙ
525 2805 582 2868 146
604 2827 612 2868 :
635 2797 705 2886 άμα
724 2800 789 2890 γάρ
810 2807 884 2882 ταῖς
905 2800 1028 2879 αἰτίαις
1048 2797 1185 2880 τούτοις
1204 2802 1343 2890 φανῆναί
1361 2827 1403 2886 με
1424 2804 1476 2870 δεῖ
1494 2799 1650 2892 θηριώδη
1669 2804 1735 2869 κτλ.
1776 2803 1867 2868 Libri
1882 2804 1931 2868 Af
1947 2798 2027 2882 ἐδτι,
2043 2806 2161 2891 optime

367 2931 453 2974 sane.
496 2910 580 2975 Nam
602 2922 670 2976 tum
690 2935 763 2976 cum
785 2906 899 2997 ᾐτιᾶτο
920 2906 937 2977 ό
958 2903 1084 2976 διώκων
1110 2907 1210 2976 αάτόν
1239 2903 1416 2998 προδότην,
1446 2913 1540 2977 simul
1569 2935 1658 2977 reum
1689 2912 1824 2976 feritatis
1853 2912 1991 2998 speciem
2020 2933 2098 2999 prae
2126 2934 2161 2978 se

368 3018 453 3082 ferre
475 3019 653 3106 oportebat.
696 3021 833 3108 Repone
854 3021 951 3106 igitur
972 3043 980 3084 r
1002 3019 1142 3107 φανῆναί
1161 3017 1194 3102 μ’
1216 3014 1295 3085 ἔδει.
1339 3015 1389 3083 cf.
1412 3019 1507 3084 Dem.
1527 3017 1616 3083 XIX
1638 3018 1726 3083 279:
1749 3008 1837 3083 ἀλλά
1855 3014 1920 3103 μήν
1941 3013 2025 3103 ἐπέρ
2048 3022 2163 3103 γετοῦ

369 3125 460 3211 δῶρα
482 3121 665 3215 εἰληφέναι,
688 3124 719 3192 εἰ
739 3128 798 3209 μέν
819 3123 981 3215 ἠρνοῦντο,
1002 3124 1177 3214 ἐξελέγχειν
1198 3121 1237 3192 ἀν
1258 3119 1294 3212 ἦν
1314 3116 1437 3208 λοιπόν,
1459 3119 1577 3211 ἐπειδή
1605 3125 1634 3190 δ’
1660 3117 1858 3210 ῶμολόγουν,
1886 3117 2024 3210 ἀπάγειν
2055 3116 2162 3212 δήπου

368 3239 539 3319 προσήκω.

467 3341 501 3406 ΙΙ
522 3342 564 3407 33
586 3366 593 3406 :
616 3338 647 3408 εἰ
669 3342 697 3407 δ’
719 3337 885 3408 άντιποιεῖ
903 3339 989 3409 κατά
1010 3339 1152 3422 πόλεμον
1173 3335 1280 3422 λαβῶν
1300 3332 1432 3416 εἰκότως
1451 3334 1536 3421 ἐχειν
1556 3338 1622 3404 κτλ
1664 3339 1737 3404 Ηοο
1763 3362 1839 3405 vero
1869 3341 2059 3406 mendosum
2089 3361 2160 3406 esse

368 3457 400 3513 et
422 3450 585 3536 postulare
605 3451 665 3516 loci
688 3452 878 3516 sententiam
901 3451 1026 3515 dicendi
1047 3451 1190 3533 verbum,
1213 3449 1310 3513 veluti
1332 3442 1363 3513 εἰ
1384 3447 1413 3512 δ’
1435 3438 1609 3530 ἀντιλέγεις
1631 3449 1796 3513 verissime
1821 3447 1872 3513 Tu
1897 3471 1999 3535 nuper
2021 3449 2158 3514 sensisti.

368 3557 414 3620 At
434 3558 540 3621 nescio
563 3580 603 3622 an
625 3557 726 3622 lenius
749 3558 891 3622 adhiberi
913 3560 1014 3645 possit
1034 3555 1218 3621 remedium.
1262 3553 1349 3634 Quid
1371 3559 1457 3620 euim
1477 3555 1684 3637 indicaveris,
1712 3555 1738 3620 si
1768 3576 1830 3640 ego
1859 3555 1920 3620 hoo
1948 3577 2158 3643 proponam:

367 3659 449 3728 εἶδ’
470 3659 634 3730 ἀντιποιεῖ
653 3660 697 3740 ῶς
717 3659 800 3730 κατά
821 3657 961 3746 πόλεμον
981 3659 1089 3747 λοβῶν
1110 3657 1247 3740 εἰκότως
1266 3662 1372 3746 έχωνί
1416 3663 1466 3731 cf.
1490 3666 1585 3730 Dona
1606 3664 1652 3728 IV
1676 3665 1705 3729 6.

470 3771 506 3835 ΙΙ
526 3772 568 3836 36
587 3795 594 3835 :
618 3765 716 3858 ήρετό
736 3795 779 3853 με
799 3769 830 3838 εἰ
850 3778 912 3837 τῶν
931 3764 1085 3859 Ἀθήνησι
1106 3767 1305 3858 πραγμάτοιν
1333 3770 1556 3858 ἐπιλέλησμαι,
1587 3773 1641 3836 καί
1662 3766 1715 3836 τόν
1737 3769 1838 3856 δῆμον
1859 3766 2162 3856 καταπεπονημένον

367 3879 423 3945 καί
449 3870 582 3964 σφόδρα
603 3877 831 3960 ἐπιθυμοῦντα
850 3885 907 3963 τῆς
929 3873 1056 3968 εἰρήνης
1076 3876 1108 3946 εἰ
1129 3878 1174 3966 μή
1193 3876 1365 3966 μέμνημαι.
1408 3878 1500 3944 Haeo
1522 3888 1665 3944 extrema
1685 3879 1783 3943 verba
1805 3875 1835 3944 εἰ
1854 3874 1901 3964 μή
1920 3878 2084 3964 μέμνημαι
2118 3878 2158 3943 ab

368 4007 406 4051 eo
428 3985 535 4050 addita
556 3995 663 4073 putas,
687 3989 739 4074 qui
763 3988 853 4052 simul
876 3990 1062 4074 genetivum
1089 3998 1121 4052 et
1142 3989 1356 4054 accusativum
1377 3987 1417 4053 ab
1448 3982 1667 4073 ἐπιλέλησμαι
1693 3986 1834 4072 pendere
1867 3989 2043 4052 miraretur.
2093 3984 2160 4052 Sed

368 4116 438 4158 cum
461 4095 495 4157 in
518 4095 643 4181 optimis
664 4095 752 4159 libris
774 4095 834 4181 (A)
858 4086 900 4159 ου’
920 4096 1085 4182 μέμνημαι
1106 4097 1257 4184 scriptum
1280 4097 1328 4179 ait,
1351 4096 1521 4181 particulas
1543 4104 1648 4158 autern
1670 4089 1701 4157 εἰ
1722 4105 1754 4158 et
1774 4087 1825 4159 ότι
1842 4116 1999 4181 persaepe
2019 4093 2103 4158 inter
2124 4114 2159 4159 se

368 4211 561 4286 permutatas
590 4225 660 4267 esse
688 4202 807 4289 optime
835 4207 978 4284 noveris,
1007 4207 1061 4268 vix
1091 4205 1196 4268 facere
1223 4226 1352 4290 possum
1385 4204 1461 4289 quin
1495 4200 1697 4266 scribendum
1730 4222 1800 4266 esse
1822 4223 1969 4266 censeam
1998 4223 2006 4264 r
2037 4193 2089 4266 ότι
2120 4189 2160 4265 σά

367 4307 539 4394 μέμνημαι.
581 4307 666 4374 Nam
688 4332 728 4374 ex
750 4301 846 4395 ήρετο
868 4310 960 4374 facile
982 4310 1147 4398 suppletur
1173 4310 1432 4376 σοουιααοτοιιδί
1459 4310 1510 4374 vel
1535 4309 1788 4396 reprehendendi
1814 4308 1956 4373 verbum.
2006 4305 2159 4373 Concedo

367 4425 475 4480 tamen
496 4417 578 4480 hanc
601 4418 813 4481 coniecturam
836 4416 1005 4482 admodum
1029 4417 1157 4482 dubiam
1180 4439 1259 4482 csse.

466 4522 503 4589 Π
522 4525 564 4591 43
586 4547 593 4587 :
614 4524 718 4589 ταῦτα
736 4525 854 4606 μέντοι,
876 4520 948 4611 ἐφη,
970 4516 997 4590 αἰ
1019 4530 1193 4611 Κτησιφῶν
1213 4519 1279 4590 οὔτ’
1301 4519 1340 4589 ἀν
1361 4519 1402 4589 σά
1424 4520 1518 4612 [πρός
1538 4517 1592 4589 τόν
1613 4522 1724 4611 δῆμον]
1755 4521 1866 4598 είποις
1893 4513 1959 4587 οὔτ’
1988 4516 2027 4586 άν
2055 4510 2160 4602 οὗτος,

367 4627 426 4710 ἐμέ
448 4627 488 4715 δή
509 4629 616 4712 λέγων,
637 4627 828 4718 τολμήσειεν
858 4628 964 4698 εἰπεῖν
993 4628 1078 4718 πρός
1100 4623 1293 4719 Ἀθηναίους
1316 4627 1370 4718 [ῶς
1392 4627 1412 4696 o‘
1436 4631 1609 4707 Φίλιππος
1630 4627 1733 4706 δεινός
1756 4625 1862 4694 εἰπεῖν
1874 4627 1929 4694 καί
1942 4622 2159 4716 μνημονικός].

368 4738 476 4804 Verba
497 4739 619 4804 inclusa
633 4738 685 4804 Tu
699 4763 802 4827 nuper
817 4740 914 4804 deleri
928 4741 1090 4827 inperasti.
1126 4740 1200 4825 Ego
1215 4740 1323 4804 nescio
1338 4763 1379 4803 an
1396 4740 1507 4803 melius
1523 4749 1555 4804 et
1568 4739 1690 4803 facilius
1702 4739 1746 4802 sic
1762 4738 1815 4801 illa
1832 4738 1931 4801 oratio
1948 4734 2158 4800 emendetur:

368 4836 435 4910 οὔτ’
457 4840 497 4911 ἀν
515 4837 560 4911 σά
581 4841 662 4932 πρός
682 4842 738 4912 τόν
759 4847 858 4932 δῆμον
879 4846 990 4924 είποις
1009 4841 1076 4912 οὔτ’
1097 4840 1135 4911 όν
1155 4838 1274 4922 οὗτος.
1299 4896 1307 4911 .
1328 4839 1528 4932 τολμήσειεν,
1544 4847 1673 4932 reliquis
1694 4844 1916 4909 additamentis
1932 4842 2159 4907 exterminatis.

468 4952 504 5018 ΙΙ
524 4955 565 5019 61
589 4979 596 5018 :
619 4949 817 5045 προγράψαι
840 4947 899 5019 δόο
919 4949 1095 5040 ἐκκλησίας,
1117 4949 1171 5038 τήν
1190 4952 1250 5036 μὲν
1268 4955 1309 5042 τῇ
1329 4945 1432 5042 σ’γδόη
1452 4952 1511 5019 ἐπὶ
1534 4952 1621 5035 δέκα,
1642 4944 1697 5037 τήν
1726 4951 1763 5017 δέ
1791 4944 1830 5037 τη
1858 4943 1953 5037 ἐνάτη
1982 4942 2040 5013 ἐπέ
2071 4946 2159 5015 δέκα.

369 5058 558 5126 Resecanda
581 5085 688 5128 oeuses
711 5065 811 5129 altero
833 5064 902 5129 loco
924 5058 980 5129 ἐπὶ
1004 5062 1093 5129 δέκα.
1136 5063 1208 5147 Ego
1236 5064 1263 5126 si
1284 5061 1457 5148 quidquam
1480 5063 1685 5140 mutaverim,
1714 5058 1821 5123 malim
1848 5059 1908 5122 ista
1935 5057 2033 5121 verba
2061 5055 2160 5121 deleri

370 5169 533 5254 superiore
555 5170 634 5233 loco.
679 5168 746 5235 Sed
766 5172 798 5234 in
821 5171 1019 5257 publicarum
1041 5192 1148 5234 rerum
1170 5171 1457 5234 conmemoratione
1479 5178 1621 5255 praestat
1648 5168 1761 5254 opinor
1791 5166 1972 5230 conservari
2000 5184 2160 5228 morosam
