<?xml version="1.0" encoding="UTF-8"?>
<!DOCTYPE html PUBLIC "-//W3C//DTD XHTML 1.0 Transitional//EN"
    "http://www.w3.org/TR/xhtml1/DTD/xhtml1-transitional.dtd">
<html xmlns="http://www.w3.org/1999/xhtml" xml:lang="en" lang="en">
 <head>
  <title>
</title>
<meta http-equiv="Content-Type" content="text/html;charset=utf-8" />
  <meta name='ocr-system' content='tesseract 3.04.00' />
  <meta name='ocr-capabilities' content='ocr_page ocr_carea ocr_par ocr_line ocrx_word'/>
</head>
<body>
  <div class='ocr_page' id='page_1' title='image "./deaeschinisemen00weidgoog_0010.png"; bbox 0 0 4710 5910; ppageno 0'>
   <div class='ocr_carea' id='block_1_1' title="bbox 1117 405 1135 468">
    <p class='ocr_par' dir='ltr' id='par_1_1' title="bbox 1117 405 1135 468">
     <span class='ocr_line' id='line_1_1' title="bbox 1117 405 1135 468; baseline 0 0"><span class='ocrx_word' id='word_1_1' title='bbox 1117 405 1135 468; x_wconf 99' lang='grc'>7</span> 
     </span>
    </p>
   </div>
   <div class='ocr_carea' id='block_1_2' title="bbox 203 593 2033 5309">
    <p class='ocr_par' dir='ltr' id='par_1_2' title="bbox 231 593 2024 1335">
     <span class='ocr_line' id='line_1_2' title="bbox 332 593 2023 691; baseline -0.004 -21"><span class='ocrx_word' id='word_1_2' title='bbox 332 606 349 671; x_wconf 95' lang='grc' dir='ltr'><strong>Ι</strong></span> <span class='ocrx_word' id='word_1_3' title='bbox 373 606 430 671; x_wconf 99' lang='grc'><strong>127</strong></span> <span class='ocrx_word' id='word_1_4' title='bbox 454 629 461 670; x_wconf 92' lang='lat'><strong>:</strong></span> <span class='ocrx_word' id='word_1_5' title='bbox 482 598 546 690; x_wconf 81' lang='grc' dir='ltr'>ἐγώ</span> <span class='ocrx_word' id='word_1_6' title='bbox 565 605 593 670; x_wconf 79' lang='grc' dir='ltr'>δ’</span> <span class='ocrx_word' id='word_1_7' title='bbox 615 595 644 670; x_wconf 84' lang='grc' dir='ltr'><strong><em>ιδ</em></strong></span> <span class='ocrx_word' id='word_1_8' title='bbox 663 596 873 691; x_wconf 88' lang='grc' dir='ltr'><strong><em>Δημόσθενες</em></strong></span> <span class='ocrx_word' id='word_1_9' title='bbox 893 602 970 689; x_wconf 86' lang='grc' dir='ltr'><strong><em>περί</em></strong></span> <span class='ocrx_word' id='word_1_10' title='bbox 991 601 1050 678; x_wconf 81' lang='grc' dir='ltr'>μέν</span> <span class='ocrx_word' id='word_1_11' title='bbox 1070 604 1136 667; x_wconf 79' lang='grc' dir='ltr'><strong><em>τοῖν</em></strong></span> <span class='ocrx_word' id='word_1_12' title='bbox 1156 594 1374 688; x_wconf 70' lang='grc' dir='ltr'><strong><em>ἀναθημάτων</em></strong></span> <span class='ocrx_word' id='word_1_13' title='bbox 1394 601 1448 667; x_wconf 88' lang='grc' dir='ltr'>καί</span> <span class='ocrx_word' id='word_1_14' title='bbox 1469 602 1534 666; x_wconf 74' lang='grc' dir='ltr'><strong><em>ταῖν</em></strong></span> <span class='ocrx_word' id='word_1_15' title='bbox 1561 596 1673 666; x_wconf 84' lang='grc' dir='ltr'><strong><em>σίκιών</em></strong></span> <span class='ocrx_word' id='word_1_16' title='bbox 1694 593 1748 666; x_wconf 80' lang='grc' dir='ltr'>καί</span> <span class='ocrx_word' id='word_1_17' title='bbox 1768 605 1833 666; x_wconf 83' lang='grc' dir='ltr'>τών</span> <span class='ocrx_word' id='word_1_18' title='bbox 1854 597 2023 687; x_wconf 72' lang='grc' dir='ltr'>κτημάτων</span> 
     </span>
     <span class='ocr_line' id='line_1_3' title="bbox 231 700 2023 798; baseline -0.001 -22"><span class='ocrx_word' id='word_1_19' title='bbox 231 716 285 780; x_wconf 83' lang='grc' dir='ltr'>καὶ</span> <span class='ocrx_word' id='word_1_20' title='bbox 309 706 435 778; x_wconf 82' lang='grc' dir='ltr'><strong><em>πάντων</em></strong></span> <span class='ocrx_word' id='word_1_21' title='bbox 455 705 539 788; x_wconf 70' lang='grc' dir='ltr'><strong><em>ὅλοις</em></strong></span> <span class='ocrx_word' id='word_1_22' title='bbox 559 715 623 778; x_wconf 85' lang='grc' dir='ltr'>τών</span> <span class='ocrx_word' id='word_1_23' title='bbox 643 706 779 798; x_wconf 91' lang='grc' dir='ltr'><strong><em>ἀφώνων</em></strong></span> <span class='ocrx_word' id='word_1_24' title='bbox 800 706 942 786; x_wconf 89' lang='grc' dir='ltr'><strong><em>πολλοὺς</em></strong></span> <span class='ocrx_word' id='word_1_25' title='bbox 961 711 1014 775; x_wconf 83' lang='grc' dir='ltr'>καί</span> <span class='ocrx_word' id='word_1_26' title='bbox 1038 704 1270 784; x_wconf 85' lang='grc' dir='ltr'><strong><em>παντοδοποδς</em></strong></span> <span class='ocrx_word' id='word_1_27' title='bbox 1289 708 1344 774; x_wconf 88' lang='grc' dir='ltr'>καί</span> <span class='ocrx_word' id='word_1_28' title='bbox 1366 703 1522 775; x_wconf 76' lang='grc' dir='ltr'><strong><em>οὐδέποτε</em></strong></span> <span class='ocrx_word' id='word_1_29' title='bbox 1542 704 1618 785; x_wconf 85' lang='grc' dir='ltr'>τοὺς</span> <span class='ocrx_word' id='word_1_30' title='bbox 1632 700 1749 785; x_wconf 84' lang='grc' dir='ltr'><strong><em>αὑτοὺς</em></strong></span> <span class='ocrx_word' id='word_1_31' title='bbox 1778 701 1885 773; x_wconf 85' lang='grc' dir='ltr'>ἀκοὺω</span> <span class='ocrx_word' id='word_1_32' title='bbox 1907 702 2023 794; x_wconf 86' lang='grc' dir='ltr'><strong><em>λόγους</em></strong></span> 
     </span>
     <span class='ocr_line' id='line_1_4' title="bbox 232 817 2024 906; baseline -0.002 -21"><span class='ocrx_word' id='word_1_33' title='bbox 232 821 426 906; x_wconf 75' lang='grc' dir='ltr'><strong><em>λεγομένους.</em></strong></span> <span class='ocrx_word' id='word_1_34' title='bbox 473 820 609 886; x_wconf 86' lang='lat' dir='ltr'>Molesta</span> <span class='ocrx_word' id='word_1_35' title='bbox 631 832 680 886; x_wconf 91' lang='lat' dir='ltr'>est</span> <span class='ocrx_word' id='word_1_36' title='bbox 700 821 897 884; x_wconf 76' lang='lat' dir='ltr'>coacervatio</span> <span class='ocrx_word' id='word_1_37' title='bbox 927 838 1036 881; x_wconf 89' lang='lat' dir='ltr'>earum</span> <span class='ocrx_word' id='word_1_38' title='bbox 1057 837 1259 904; x_wconf 87' lang='lat' dir='ltr'>rerumquae</span> <span class='ocrx_word' id='word_1_39' title='bbox 1280 839 1342 902; x_wconf 89' lang='lat' dir='ltr'>pro</span> <span class='ocrx_word' id='word_1_40' title='bbox 1353 819 1543 901; x_wconf 85' lang='lat' dir='ltr'>possessoris</span> <span class='ocrx_word' id='word_1_41' title='bbox 1558 819 1712 882; x_wconf 86' lang='lat' dir='ltr'>varietate</span> <span class='ocrx_word' id='word_1_42' title='bbox 1727 817 1822 882; x_wconf 86' lang='lat' dir='ltr'>variis</span> <span class='ocrx_word' id='word_1_43' title='bbox 1841 819 1887 881; x_wconf 91' lang='lat' dir='ltr'>uti</span> <span class='ocrx_word' id='word_1_44' title='bbox 1901 819 2024 904; x_wconf 80' lang='lat' dir='ltr'>possint</span> 
     </span>
     <span class='ocr_line' id='line_1_5' title="bbox 232 915 2023 1011; baseline -0.002 -17"><span class='ocrx_word' id='word_1_45' title='bbox 232 928 421 994; x_wconf 89' lang='lat' dir='ltr'>nominibus.</span> <span class='ocrx_word' id='word_1_46' title='bbox 463 926 548 992; x_wconf 88' lang='lat' dir='ltr'>Nam</span> <span class='ocrx_word' id='word_1_47' title='bbox 580 923 692 993; x_wconf 75' lang='lat' dir='ltr'>clareia</span> <span class='ocrx_word' id='word_1_48' title='bbox 723 928 835 991; x_wconf 88' lang='lat' dir='ltr'>notitia</span> <span class='ocrx_word' id='word_1_49' title='bbox 864 927 896 988; x_wconf 92' lang='lat' dir='ltr'>in</span> <span class='ocrx_word' id='word_1_50' title='bbox 923 915 1093 1009; x_wconf 88' lang='grc' dir='ltr'><strong><em>κτημάτων</em></strong></span> <span class='ocrx_word' id='word_1_51' title='bbox 1119 927 1248 989; x_wconf 92' lang='lat' dir='ltr'>nomine</span> <span class='ocrx_word' id='word_1_52' title='bbox 1277 925 1455 988; x_wconf 81' lang='lat' dir='ltr'>continetur</span> <span class='ocrx_word' id='word_1_53' title='bbox 1483 946 1543 988; x_wconf 91' lang='lat' dir='ltr'>nee</span> <span class='ocrx_word' id='word_1_54' title='bbox 1569 935 1618 988; x_wconf 90' lang='lat' dir='ltr'>est</span> <span class='ocrx_word' id='word_1_55' title='bbox 1638 923 1793 1011; x_wconf 82' lang='lat' dir='ltr'>proiecte,</span> <span class='ocrx_word' id='word_1_56' title='bbox 1817 946 1872 987; x_wconf 90' lang='lat' dir='ltr'>eur</span> <span class='ocrx_word' id='word_1_57' title='bbox 1892 926 2023 1011; x_wconf 89' lang='lat' dir='ltr'>proprio</span> 
     </span>
     <span class='ocr_line' id='line_1_6' title="bbox 232 1023 2023 1122; baseline -0.002 -23"><span class='ocrx_word' id='word_1_58' title='bbox 232 1035 387 1101; x_wconf 78' lang='lat' dir='ltr'>uocabulo</span> <span class='ocrx_word' id='word_1_59' title='bbox 409 1035 567 1100; x_wconf 83' lang='lat' dir='ltr'>efferatur.</span> <span class='ocrx_word' id='word_1_60' title='bbox 610 1036 709 1122; x_wconf 80' lang='lat' dir='ltr'>Atqui</span> <span class='ocrx_word' id='word_1_61' title='bbox 731 1036 764 1098; x_wconf 92' lang='lat' dir='ltr'>in</span> <span class='ocrx_word' id='word_1_62' title='bbox 786 1031 970 1097; x_wconf 86' lang='lat' dir='ltr'>melioribus</span> <span class='ocrx_word' id='word_1_63' title='bbox 989 1029 1078 1095; x_wconf 91' lang='lat' dir='ltr'>libris</span> <span class='ocrx_word' id='word_1_64' title='bbox 1100 1032 1160 1115; x_wconf 88' lang='lat' dir='ltr'>(A)</span> <span class='ocrx_word' id='word_1_65' title='bbox 1182 1033 1333 1118; x_wconf 89' lang='lat' dir='ltr'>seriptum</span> <span class='ocrx_word' id='word_1_66' title='bbox 1356 1041 1404 1096; x_wconf 87' lang='lat' dir='ltr'>est</span> <span class='ocrx_word' id='word_1_67' title='bbox 1424 1031 1504 1115; x_wconf 86' lang='grc' dir='ltr'><strong><em>περί</em></strong></span> <span class='ocrx_word' id='word_1_68' title='bbox 1526 1031 1588 1096; x_wconf 83' lang='grc' dir='ltr'>τῶν</span> <span class='ocrx_word' id='word_1_69' title='bbox 1601 1023 1780 1115; x_wconf 87' lang='grc' dir='ltr'><strong><em>κτημάτων.</em></strong></span> <span class='ocrx_word' id='word_1_70' title='bbox 1817 1031 1901 1095; x_wconf 83' lang='grc' dir='ltr'>Ηίσο</span> <span class='ocrx_word' id='word_1_71' title='bbox 1916 1053 2023 1096; x_wconf 90' lang='lat' dir='ltr'>emen·</span> 
     </span>
     <span class='ocr_line' id='line_1_7' title="bbox 233 1128 2024 1230; baseline -0.002 -23"><span class='ocrx_word' id='word_1_72' title='bbox 233 1143 370 1208; x_wconf 90' lang='lat' dir='ltr'>dandum</span> <span class='ocrx_word' id='word_1_73' title='bbox 394 1163 464 1207; x_wconf 88' lang='lat' dir='ltr'>esse</span> <span class='ocrx_word' id='word_1_74' title='bbox 484 1143 687 1230; x_wconf 81' lang='lat' dir='ltr'>perspicuum</span> <span class='ocrx_word' id='word_1_75' title='bbox 708 1151 757 1206; x_wconf 82' lang='lat' dir='ltr'>est</span> <span class='ocrx_word' id='word_1_76' title='bbox 778 1164 785 1204; x_wconf 92' lang='lat'>:</span> <span class='ocrx_word' id='word_1_77' title='bbox 808 1141 891 1225; x_wconf 81' lang='grc' dir='ltr'><strong><em>περὶ</em></strong></span> <span class='ocrx_word' id='word_1_78' title='bbox 909 1136 968 1218; x_wconf 85' lang='grc' dir='ltr'>μέν</span> <span class='ocrx_word' id='word_1_79' title='bbox 988 1143 1053 1203; x_wconf 82' lang='grc' dir='ltr'><strong><em>ταῖν</em></strong></span> <span class='ocrx_word' id='word_1_80' title='bbox 1081 1128 1301 1225; x_wconf 69' lang='grc' dir='ltr'><strong><em>ἀναθημάτων</em></strong></span> <span class='ocrx_word' id='word_1_81' title='bbox 1327 1138 1382 1203; x_wconf 84' lang='grc' dir='ltr'>καί</span> <span class='ocrx_word' id='word_1_82' title='bbox 1413 1138 1490 1224; x_wconf 81' lang='grc' dir='ltr'><strong><em>περὶ</em></strong></span> <span class='ocrx_word' id='word_1_83' title='bbox 1518 1139 1580 1202; x_wconf 84' lang='grc' dir='ltr'>τών</span> <span class='ocrx_word' id='word_1_84' title='bbox 1608 1130 1777 1224; x_wconf 87' lang='grc' dir='ltr'><strong><em>κτημάτων</em></strong></span> <span class='ocrx_word' id='word_1_85' title='bbox 1810 1139 1862 1204; x_wconf 77' lang='grc' dir='ltr'>καί</span> <span class='ocrx_word' id='word_1_86' title='bbox 1894 1128 2024 1204; x_wconf 82' lang='grc' dir='ltr'><strong><em>πάντων</em></strong></span> 
     </span>
     <span class='ocr_line' id='line_1_8' title="bbox 233 1239 654 1335; baseline -0.002 -21"><span class='ocrx_word' id='word_1_87' title='bbox 233 1244 324 1324; x_wconf 86' lang='grc' dir='ltr'><strong><em>δ’λως</em></strong></span> <span class='ocrx_word' id='word_1_88' title='bbox 343 1255 405 1314; x_wconf 84' lang='grc' dir='ltr'>τῶν</span> <span class='ocrx_word' id='word_1_89' title='bbox 426 1239 567 1335; x_wconf 88' lang='grc' dir='ltr'><strong><em>ἀφώνων</em></strong></span> <span class='ocrx_word' id='word_1_90' title='bbox 587 1249 654 1314; x_wconf 89' lang='grc' dir='ltr'><strong><em>κτλ.</em></strong></span> 
     </span>
    </p>

    <p class='ocr_par' dir='ltr' id='par_1_3' title="bbox 233 1344 2024 1979">
     <span class='ocr_line' id='line_1_9' title="bbox 335 1344 2022 1442; baseline 0 -21"><span class='ocrx_word' id='word_1_91' title='bbox 335 1356 351 1421; x_wconf 96' lang='grc' dir='ltr'>Ι</span> <span class='ocrx_word' id='word_1_92' title='bbox 379 1357 436 1424; x_wconf 88' lang='grc'>133</span> <span class='ocrx_word' id='word_1_93' title='bbox 458 1380 465 1421; x_wconf 93' lang='lat'><strong>:</strong></span> <span class='ocrx_word' id='word_1_94' title='bbox 487 1360 542 1422; x_wconf 78' lang='lat' dir='ltr'>aui</span> <span class='ocrx_word' id='word_1_95' title='bbox 570 1352 628 1442; x_wconf 69' lang='grc' dir='ltr'>τήν</span> <span class='ocrx_word' id='word_1_96' title='bbox 656 1355 823 1442; x_wconf 72' lang='grc' dir='ltr'><strong><em>λεγομένην</em></strong></span> <span class='ocrx_word' id='word_1_97' title='bbox 852 1353 1004 1439; x_wconf 81' lang='grc' dir='ltr'><strong><em>γενέσθω</em></strong></span> <span class='ocrx_word' id='word_1_98' title='bbox 1031 1354 1148 1439; x_wconf 80' lang='grc' dir='ltr'><strong><em>φιλίαν</em></strong></span> <span class='ocrx_word' id='word_1_99' title='bbox 1175 1349 1230 1440; x_wconf 86' lang='grc' dir='ltr'><strong><em>[δι’</em></strong></span> <span class='ocrx_word' id='word_1_100' title='bbox 1259 1345 1376 1442; x_wconf 77' lang='grc' dir='ltr'><strong><em>ἔρωτα]</em></strong></span> <span class='ocrx_word' id='word_1_101' title='bbox 1400 1344 1589 1437; x_wconf 77' lang='grc' dir='ltr'><strong><em>Πατρόκλου</em></strong></span> <span class='ocrx_word' id='word_1_102' title='bbox 1611 1355 1665 1418; x_wconf 83' lang='grc' dir='ltr'>καί</span> <span class='ocrx_word' id='word_1_103' title='bbox 1686 1347 1857 1434; x_wconf 73' lang='grc' dir='ltr'>Ἀχιλλέως</span> <span class='ocrx_word' id='word_1_104' title='bbox 1880 1344 2022 1441; x_wconf 71' lang='grc' dir='ltr'><strong><em>ὑμνήσει</em></strong></span> 
     </span>
     <span class='ocr_line' id='line_1_10' title="bbox 235 1458 2023 1552; baseline -0.002 -22"><span class='ocrx_word' id='word_1_105' title='bbox 235 1463 386 1552; x_wconf 82' lang='lat' dir='ltr'>Spurium</span> <span class='ocrx_word' id='word_1_106' title='bbox 409 1475 458 1529; x_wconf 86' lang='lat' dir='ltr'>est</span> <span class='ocrx_word' id='word_1_107' title='bbox 480 1465 522 1529; x_wconf 84' lang='lat' dir='ltr'>dr&#39;</span> <span class='ocrx_word' id='word_1_108' title='bbox 542 1458 657 1550; x_wconf 81' lang='grc' dir='ltr'><strong><em>έρωτα.</em></strong></span> <span class='ocrx_word' id='word_1_109' title='bbox 697 1463 768 1529; x_wconf 83' lang='grc' dir='ltr'><strong><em>Νοα</em></strong></span> <span class='ocrx_word' id='word_1_110' title='bbox 788 1463 925 1529; x_wconf 84' lang='lat' dir='ltr'>bominis</span> <span class='ocrx_word' id='word_1_111' title='bbox 945 1462 1088 1527; x_wconf 84' lang='lat' dir='ltr'>militaris</span> <span class='ocrx_word' id='word_1_112' title='bbox 1110 1463 1166 1548; x_wconf 90' lang='lat' dir='ltr'>qui</span> <span class='ocrx_word' id='word_1_113' title='bbox 1186 1459 1358 1524; x_wconf 86' lang='lat' dir='ltr'>Timarcho</span> <span class='ocrx_word' id='word_1_114' title='bbox 1378 1459 1547 1524; x_wconf 87' lang='lat' dir='ltr'>adfuturus</span> <span class='ocrx_word' id='word_1_115' title='bbox 1564 1471 1632 1524; x_wconf 92' lang='lat' dir='ltr'>erat</span> <span class='ocrx_word' id='word_1_116' title='bbox 1653 1481 1713 1525; x_wconf 89' lang='lat' dir='ltr'>nec</span> <span class='ocrx_word' id='word_1_117' title='bbox 1734 1462 1832 1547; x_wconf 91' lang='lat' dir='ltr'>ipsius</span> <span class='ocrx_word' id='word_1_118' title='bbox 1855 1461 2023 1526; x_wconf 83' lang='lat' dir='ltr'>Aeschinis</span> 
     </span>
     <span class='ocr_line' id='line_1_11' title="bbox 233 1565 2022 1656; baseline -0.001 -21"><span class='ocrx_word' id='word_1_119' title='bbox 233 1571 399 1635; x_wconf 78' lang='lat' dir='ltr'>aemilium</span> <span class='ocrx_word' id='word_1_120' title='bbox 420 1581 489 1636; x_wconf 85' lang='lat' dir='ltr'>erat</span> <span class='ocrx_word' id='word_1_121' title='bbox 510 1571 550 1636; x_wconf 92' lang='lat' dir='ltr'>de</span> <span class='ocrx_word' id='word_1_122' title='bbox 570 1570 664 1636; x_wconf 89' lang='lat' dir='ltr'>laude</span> <span class='ocrx_word' id='word_1_123' title='bbox 679 1571 813 1635; x_wconf 87' lang='lat' dir='ltr'>Achillis</span> <span class='ocrx_word' id='word_1_124' title='bbox 835 1580 932 1656; x_wconf 88' lang='lat' dir='ltr'>atque</span> <span class='ocrx_word' id='word_1_125' title='bbox 944 1569 1085 1634; x_wconf 80' lang='lat' dir='ltr'>Patrocli</span> <span class='ocrx_word' id='word_1_126' title='bbox 1099 1567 1256 1633; x_wconf 82' lang='lat' dir='ltr'>amicitiae</span> <span class='ocrx_word' id='word_1_127' title='bbox 1278 1569 1449 1655; x_wconf 78' lang='lat' dir='ltr'>quicquam</span> <span class='ocrx_word' id='word_1_128' title='bbox 1471 1567 1659 1652; x_wconf 59' lang='lat' dir='ltr'>detrahorep</span> <span class='ocrx_word' id='word_1_129' title='bbox 1675 1565 1790 1652; x_wconf 78' lang='grc' dir='ltr'><strong><em>φιλίαν</em></strong></span> <span class='ocrx_word' id='word_1_130' title='bbox 1804 1590 1880 1633; x_wconf 84' lang='lat' dir='ltr'>veae</span> <span class='ocrx_word' id='word_1_131' title='bbox 1896 1591 2022 1634; x_wconf 86' lang='lat' dir='ltr'>eausam</span> 
     </span>
     <span class='ocr_line' id='line_1_12' title="bbox 234 1671 2022 1764; baseline -0.001 -21"><span class='ocrx_word' id='word_1_132' title='bbox 234 1690 265 1743; x_wconf 89' lang='lat' dir='ltr'>et</span> <span class='ocrx_word' id='word_1_133' title='bbox 287 1680 441 1764; x_wconf 81' lang='lat' dir='ltr'>originem</span> <span class='ocrx_word' id='word_1_134' title='bbox 462 1679 493 1742; x_wconf 92' lang='lat' dir='ltr'>in</span> <span class='ocrx_word' id='word_1_135' title='bbox 517 1673 615 1762; x_wconf 77' lang='grc' dir='ltr'><strong><em>ἔρωτι</em></strong></span> <span class='ocrx_word' id='word_1_136' title='bbox 636 1678 765 1761; x_wconf 86' lang='lat' dir='ltr'>habere,</span> <span class='ocrx_word' id='word_1_137' title='bbox 787 1677 920 1744; x_wconf 85' lang='lat' dir='ltr'>Graecis</span> <span class='ocrx_word' id='word_1_138' title='bbox 943 1675 1070 1763; x_wconf 91' lang='lat' dir='ltr'>quidem</span> <span class='ocrx_word' id='word_1_139' title='bbox 1091 1697 1154 1740; x_wconf 91' lang='lat' dir='ltr'>non</span> <span class='ocrx_word' id='word_1_140' title='bbox 1177 1698 1255 1761; x_wconf 90' lang='lat' dir='ltr'>opus</span> <span class='ocrx_word' id='word_1_141' title='bbox 1277 1683 1346 1740; x_wconf 87' lang='lat' dir='ltr'>erat</span> <span class='ocrx_word' id='word_1_142' title='bbox 1367 1675 1531 1756; x_wconf 89' lang='lat' dir='ltr'>affirmare,</span> <span class='ocrx_word' id='word_1_143' title='bbox 1561 1675 1601 1739; x_wconf 86' lang='lat' dir='ltr'>cf.</span> <span class='ocrx_word' id='word_1_144' title='bbox 1619 1676 1701 1740; x_wconf 81' lang='lat'>142:</span> <span class='ocrx_word' id='word_1_145' title='bbox 1722 1675 1841 1750; x_wconf 71' lang='grc' dir='ltr'><strong><em>ἐκεῖνος</em></strong></span> <span class='ocrx_word' id='word_1_146' title='bbox 1854 1671 1916 1761; x_wconf 83' lang='grc' dir='ltr'>γάρ</span> <span class='ocrx_word' id='word_1_147' title='bbox 1938 1677 2022 1742; x_wconf 85' lang='grc' dir='ltr'><strong><em>πολ-</em></strong></span> 
     </span>
     <span class='ocr_line' id='line_1_13' title="bbox 233 1774 2024 1871; baseline -0.001 -21"><span class='ocrx_word' id='word_1_148' title='bbox 233 1785 333 1867; x_wconf 82' lang='grc' dir='ltr'><strong><em>λαχοῦ</em></strong></span> <span class='ocrx_word' id='word_1_149' title='bbox 345 1783 541 1871; x_wconf 69' lang='grc' dir='ltr'><strong><em>μεμνημένος</em></strong></span> <span class='ocrx_word' id='word_1_150' title='bbox 555 1777 636 1869; x_wconf 82' lang='grc' dir='ltr'><strong><em>περί</em></strong></span> <span class='ocrx_word' id='word_1_151' title='bbox 648 1774 841 1870; x_wconf 73' lang='grc' dir='ltr'><strong><em>Πατρόκλου</em></strong></span> <span class='ocrx_word' id='word_1_152' title='bbox 854 1786 908 1851; x_wconf 86' lang='grc' dir='ltr'>καί</span> <span class='ocrx_word' id='word_1_153' title='bbox 921 1776 1096 1867; x_wconf 75' lang='grc' dir='ltr'>Ἀχιλλέως</span> <span class='ocrx_word' id='word_1_154' title='bbox 1105 1778 1163 1848; x_wconf 84' lang='grc' dir='ltr'>τόν</span> <span class='ocrx_word' id='word_1_155' title='bbox 1175 1781 1235 1863; x_wconf 78' lang='grc' dir='ltr'>μὲν</span> <span class='ocrx_word' id='word_1_156' title='bbox 1248 1777 1354 1868; x_wconf 73' lang='grc' dir='ltr'><strong><em>ἔρωτα</em></strong></span> <span class='ocrx_word' id='word_1_157' title='bbox 1367 1774 1423 1847; x_wconf 79' lang='lat' dir='ltr'>acl</span> <span class='ocrx_word' id='word_1_158' title='bbox 1435 1776 1492 1867; x_wconf 75' lang='grc' dir='ltr'>την</span> <span class='ocrx_word' id='word_1_159' title='bbox 1514 1780 1699 1862; x_wconf 82' lang='grc' dir='ltr'><strong><em>ἐπωνυμίαν</em></strong></span> <span class='ocrx_word' id='word_1_160' title='bbox 1712 1777 1819 1848; x_wconf 84' lang='grc' dir='ltr'><strong><em>αὑτοῖν</em></strong></span> <span class='ocrx_word' id='word_1_161' title='bbox 1831 1779 1887 1871; x_wconf 77' lang='grc' dir='ltr'>της</span> <span class='ocrx_word' id='word_1_162' title='bbox 1909 1783 2024 1871; x_wconf 79' lang='grc' dir='ltr'><strong><em>φιλίας</em></strong></span> 
     </span>
     <span class='ocr_line' id='line_1_14' title="bbox 233 1883 2022 1979; baseline -0.001 -20"><span class='ocrx_word' id='word_1_163' title='bbox 233 1883 477 1979; x_wconf 72' lang='grc' dir='ltr'><strong><em>ἀποκρύπτεται</em></strong></span> <span class='ocrx_word' id='word_1_164' title='bbox 488 1896 594 1979; x_wconf 71' lang='lat' dir='ltr'>(leget</span> <span class='ocrx_word' id='word_1_165' title='bbox 608 1888 879 1978; x_wconf 79' lang='grc' dir='ltr'><strong><em>ἀποκέκρυπται).</em></strong></span> <span class='ocrx_word' id='word_1_166' title='bbox 901 1891 982 1957; x_wconf 79' lang='lat' dir='ltr'>Erat</span> <span class='ocrx_word' id='word_1_167' title='bbox 995 1892 1092 1978; x_wconf 80' lang='lat' dir='ltr'>igitur</span> <span class='ocrx_word' id='word_1_168' title='bbox 1105 1886 1192 1975; x_wconf 80' lang='grc' dir='ltr'><strong><em>ἔρως</em></strong></span> <span class='ocrx_word' id='word_1_169' title='bbox 1205 1911 1332 1973; x_wconf 88' lang='lat' dir='ltr'>nomen,</span> <span class='ocrx_word' id='word_1_170' title='bbox 1347 1887 1441 1971; x_wconf 87' lang='grc' dir='ltr'><strong><em>φιλία</em></strong></span> <span class='ocrx_word' id='word_1_171' title='bbox 1452 1912 1502 1954; x_wconf 86' lang='lat' dir='ltr'>res</span> <span class='ocrx_word' id='word_1_172' title='bbox 1517 1889 1611 1977; x_wconf 86' lang='lat' dir='ltr'>ipsa:</span> <span class='ocrx_word' id='word_1_173' title='bbox 1632 1890 1696 1955; x_wconf 87' lang='lat' dir='ltr'>duo</span> <span class='ocrx_word' id='word_1_174' title='bbox 1710 1892 1840 1956; x_wconf 87' lang='lat' dir='ltr'>nomina</span> <span class='ocrx_word' id='word_1_175' title='bbox 1854 1893 2022 1958; x_wconf 87' lang='lat' dir='ltr'>uniosreil</span> 
     </span>
    </p>

    <p class='ocr_par' dir='ltr' id='par_1_4' title="bbox 233 1990 2024 2516">
     <span class='ocr_line' id='line_1_15' title="bbox 332 1990 2024 2086; baseline 0.001 -22"><span class='ocrx_word' id='word_1_176' title='bbox 332 2000 349 2064; x_wconf 96' lang='grc' dir='ltr'><strong>Ι</strong></span> <span class='ocrx_word' id='word_1_177' title='bbox 373 2004 430 2067; x_wconf 89' lang='grc'>141</span> <span class='ocrx_word' id='word_1_178' title='bbox 454 2025 462 2065; x_wconf 88' lang='lat'>:</span> <span class='ocrx_word' id='word_1_179' title='bbox 483 2000 655 2066; x_wconf 84' lang='lat' dir='ltr'>Probabile</span> <span class='ocrx_word' id='word_1_180' title='bbox 674 2000 752 2064; x_wconf 87' lang='lat' dir='ltr'>mihi</span> <span class='ocrx_word' id='word_1_181' title='bbox 772 2001 832 2065; x_wconf 92' lang='lat' dir='ltr'>hec</span> <span class='ocrx_word' id='word_1_182' title='bbox 855 1999 980 2064; x_wconf 86' lang='lat' dir='ltr'>videtur</span> <span class='ocrx_word' id='word_1_183' title='bbox 1002 2023 1009 2064; x_wconf 93' lang='lat'>:</span> <span class='ocrx_word' id='word_1_184' title='bbox 1032 1995 1078 2074; x_wconf 86' lang='grc' dir='ltr'>ώς</span> <span class='ocrx_word' id='word_1_185' title='bbox 1099 2002 1164 2064; x_wconf 85' lang='grc' dir='ltr'><strong><em>τοῖν</em></strong></span> <span class='ocrx_word' id='word_1_186' title='bbox 1183 1997 1244 2078; x_wconf 88' lang='grc' dir='ltr'>μέν</span> <span class='ocrx_word' id='word_1_187' title='bbox 1265 1998 1423 2063; x_wconf 78' lang='grc' dir='ltr'><strong><em>δικαστῶν</em></strong></span> <span class='ocrx_word' id='word_1_188' title='bbox 1450 1990 1591 2084; x_wconf 87' lang='grc' dir='ltr'><strong><em>ἀνηκόων</em></strong></span> <span class='ocrx_word' id='word_1_189' title='bbox 1612 1995 1789 2086; x_wconf 86' lang='grc' dir='ltr'><strong><em>[παιδείας]</em></strong></span> <span class='ocrx_word' id='word_1_190' title='bbox 1805 1993 1909 2078; x_wconf 83' lang='grc' dir='ltr'><strong><em>όντων,</em></strong></span> <span class='ocrx_word' id='word_1_191' title='bbox 1931 1995 2024 2082; x_wconf 80' lang='grc' dir='ltr'><strong><em>ὑμεῖς</em></strong></span> 
     </span>
     <span class='ocr_line' id='line_1_16' title="bbox 233 2098 2024 2194; baseline 0.001 -22"><span class='ocrx_word' id='word_1_192' title='bbox 233 2104 262 2172; x_wconf 87' lang='grc' dir='ltr'>δ’</span> <span class='ocrx_word' id='word_1_193' title='bbox 283 2100 477 2193; x_wconf 74' lang='grc' dir='ltr'><strong><em>εὑσχὴμονές</em></strong></span> <span class='ocrx_word' id='word_1_194' title='bbox 503 2131 586 2185; x_wconf 82' lang='grc' dir='ltr'><strong><em>τινες</em></strong></span> <span class='ocrx_word' id='word_1_195' title='bbox 614 2111 858 2192; x_wconf 72' lang='grc' dir='ltr'>προσποιεῖσθε</span> <span class='ocrx_word' id='word_1_196' title='bbox 884 2098 969 2173; x_wconf 84' lang='grc' dir='ltr'><strong><em>ελναι</em></strong></span> <span class='ocrx_word' id='word_1_197' title='bbox 997 2107 1051 2172; x_wconf 85' lang='grc' dir='ltr'>καί</span> <span class='ocrx_word' id='word_1_198' title='bbox 1080 2111 1359 2192; x_wconf 79' lang='grc' dir='ltr'><strong><em>περιφρονοῦντες</em></strong></span> <span class='ocrx_word' id='word_1_199' title='bbox 1389 2102 1519 2192; x_wconf 79' lang='grc' dir='ltr'><strong><em>ἱστορίᾳ</em></strong></span> <span class='ocrx_word' id='word_1_200' title='bbox 1545 2101 1602 2170; x_wconf 81' lang='grc' dir='ltr'>τόν</span> <span class='ocrx_word' id='word_1_201' title='bbox 1630 2106 1739 2189; x_wconf 84' lang='grc' dir='ltr'><strong><em>δῆμον.</em></strong></span> <span class='ocrx_word' id='word_1_202' title='bbox 1788 2106 1835 2173; x_wconf 84' lang='lat' dir='ltr'>Ut</span> <span class='ocrx_word' id='word_1_203' title='bbox 1864 2108 1960 2194; x_wconf 81' lang='lat' dir='ltr'>igitur</span> <span class='ocrx_word' id='word_1_204' title='bbox 1980 2109 2024 2174; x_wconf 92' lang='lat' dir='ltr'>illi</span> 
     </span>
     <span class='ocr_line' id='line_1_17' title="bbox 233 2214 2024 2302; baseline 0.002 -22"><span class='ocrx_word' id='word_1_205' title='bbox 233 2217 369 2302; x_wconf 88' lang='lat' dir='ltr'>plurima</span> <span class='ocrx_word' id='word_1_206' title='bbox 391 2239 425 2281; x_wconf 87' lang='lat' dir='ltr'>se</span> <span class='ocrx_word' id='word_1_207' title='bbox 446 2215 605 2281; x_wconf 86' lang='lat' dir='ltr'>audivisse</span> <span class='ocrx_word' id='word_1_208' title='bbox 627 2217 755 2295; x_wconf 85' lang='lat' dir='ltr'>iactant,</span> <span class='ocrx_word' id='word_1_209' title='bbox 777 2216 823 2280; x_wconf 91' lang='lat' dir='ltr'>ita</span> <span class='ocrx_word' id='word_1_210' title='bbox 841 2214 1000 2280; x_wconf 85' lang='lat' dir='ltr'>iudicibus</span> <span class='ocrx_word' id='word_1_211' title='bbox 1021 2214 1099 2279; x_wconf 89' lang='lat' dir='ltr'>nihil</span> <span class='ocrx_word' id='word_1_212' title='bbox 1120 2237 1225 2300; x_wconf 86' lang='lat' dir='ltr'>paene</span> <span class='ocrx_word' id='word_1_213' title='bbox 1245 2236 1285 2278; x_wconf 91' lang='lat' dir='ltr'>ex</span> <span class='ocrx_word' id='word_1_214' title='bbox 1300 2223 1456 2278; x_wconf 81' lang='lat' dir='ltr'>vetustate</span> <span class='ocrx_word' id='word_1_215' title='bbox 1478 2215 1638 2301; x_wconf 87' lang='lat' dir='ltr'>accepisse</span> <span class='ocrx_word' id='word_1_216' title='bbox 1661 2214 1853 2301; x_wconf 84' lang='lat' dir='ltr'>exprobrare</span> <span class='ocrx_word' id='word_1_217' title='bbox 1868 2216 2024 2285; x_wconf 88' lang='lat' dir='ltr'>videntur.</span> 
     </span>
     <span class='ocr_line' id='line_1_18' title="bbox 233 2320 2024 2410; baseline 0.001 -21"><span class='ocrx_word' id='word_1_218' title='bbox 233 2321 396 2390; x_wconf 86' lang='grc' dir='ltr'><strong><em>Παιδείαν</em></strong></span> <span class='ocrx_word' id='word_1_219' title='bbox 413 2347 489 2388; x_wconf 82' lang='lat' dir='ltr'>vero</span> <span class='ocrx_word' id='word_1_220' title='bbox 505 2326 536 2388; x_wconf 86' lang='lat' dir='ltr'>in</span> <span class='ocrx_word' id='word_1_221' title='bbox 553 2323 620 2387; x_wconf 89' lang='lat' dir='ltr'>sela</span> <span class='ocrx_word' id='word_1_222' title='bbox 633 2321 794 2387; x_wconf 74' lang='lat' dir='ltr'>auditione</span> <span class='ocrx_word' id='word_1_223' title='bbox 809 2344 879 2386; x_wconf 88' lang='lat' dir='ltr'>esse</span> <span class='ocrx_word' id='word_1_224' title='bbox 895 2323 1032 2410; x_wconf 89' lang='lat' dir='ltr'>positam</span> <span class='ocrx_word' id='word_1_225' title='bbox 1047 2344 1144 2386; x_wconf 89' lang='lat' dir='ltr'>nemo</span> <span class='ocrx_word' id='word_1_226' title='bbox 1156 2344 1297 2408; x_wconf 78' lang='lat' dir='ltr'>umquam</span> <span class='ocrx_word' id='word_1_227' title='bbox 1319 2321 1408 2384; x_wconf 84' lang='lat' dir='ltr'>dixit.</span> <span class='ocrx_word' id='word_1_228' title='bbox 1443 2320 1577 2385; x_wconf 70' lang='lat' dir='ltr'>Accedit</span> <span class='ocrx_word' id='word_1_229' title='bbox 1597 2321 1682 2408; x_wconf 91' lang='lat' dir='ltr'>quod</span> <span class='ocrx_word' id='word_1_230' title='bbox 1705 2345 1769 2386; x_wconf 90' lang='lat' dir='ltr'>uno</span> <span class='ocrx_word' id='word_1_231' title='bbox 1785 2321 1924 2408; x_wconf 84' lang='lat' dir='ltr'>quodam</span> <span class='ocrx_word' id='word_1_232' title='bbox 1944 2325 2024 2391; x_wconf 91' lang='lat' dir='ltr'>libro</span> 
     </span>
     <span class='ocr_line' id='line_1_19' title="bbox 234 2418 2024 2516; baseline 0.001 -22"><span class='ocrx_word' id='word_1_233' title='bbox 234 2431 369 2496; x_wconf 85' lang='lat' dir='ltr'>traditur</span> <span class='ocrx_word' id='word_1_234' title='bbox 384 2454 392 2494; x_wconf 72' lang='grc' dir='ltr'>ε</span> <span class='ocrx_word' id='word_1_235' title='bbox 416 2429 576 2507; x_wconf 85' lang='grc' dir='ltr'><strong><em>παιδείας</em></strong></span> <span class='ocrx_word' id='word_1_236' title='bbox 594 2424 737 2515; x_wconf 79' lang='grc' dir='ltr'><strong><em>ἀνηκόων</em></strong></span> <span class='ocrx_word' id='word_1_237' title='bbox 752 2429 918 2494; x_wconf 80' lang='grc' dir='ltr'><strong><em>δικαστῶν.</em></strong></span> <span class='ocrx_word' id='word_1_238' title='bbox 951 2428 1044 2494; x_wconf 88' lang='lat' dir='ltr'>Dem.</span> <span class='ocrx_word' id='word_1_239' title='bbox 1060 2428 1147 2495; x_wconf 88' lang='lat' dir='ltr'>XIX</span> <span class='ocrx_word' id='word_1_240' title='bbox 1160 2429 1245 2493; x_wconf 72' lang='lat'>3121</span> <span class='ocrx_word' id='word_1_241' title='bbox 1259 2423 1309 2502; x_wconf 84' lang='grc' dir='ltr'>τίς</span> <span class='ocrx_word' id='word_1_242' title='bbox 1328 2419 1391 2510; x_wconf 84' lang='grc' dir='ltr'>γάρ</span> <span class='ocrx_word' id='word_1_243' title='bbox 1410 2425 1496 2493; x_wconf 81' lang='grc' dir='ltr'><strong><em>ἐστιν</em></strong></span> <span class='ocrx_word' id='word_1_244' title='bbox 1509 2418 1594 2493; x_wconf 78' lang='grc' dir='ltr'><strong><em>οὑτω</em></strong></span> <span class='ocrx_word' id='word_1_245' title='bbox 1608 2424 1722 2504; x_wconf 80' lang='grc' dir='ltr'><strong><em>σκαιός</em></strong></span> <span class='ocrx_word' id='word_1_246' title='bbox 1737 2427 1790 2495; x_wconf 88' lang='grc' dir='ltr'>καί</span> <span class='ocrx_word' id='word_1_247' title='bbox 1813 2419 1947 2516; x_wconf 67' lang='grc' dir='ltr'><strong><em>ἀνήκοος</em></strong></span> <span class='ocrx_word' id='word_1_248' title='bbox 1959 2429 2024 2496; x_wconf 82' lang='grc' dir='ltr'>κτλ</span> 
     </span>
    </p>

    <p class='ocr_par' dir='ltr' id='par_1_5' title="bbox 234 2524 2026 2945">
     <span class='ocr_line' id='line_1_20' title="bbox 333 2524 2024 2626; baseline 0.001 -24"><span class='ocrx_word' id='word_1_249' title='bbox 333 2536 423 2604; x_wconf 79' lang='grc'><strong>1152</strong></span> <span class='ocrx_word' id='word_1_250' title='bbox 444 2537 544 2602; x_wconf 86' lang='lat' dir='ltr'>Recte</span> <span class='ocrx_word' id='word_1_251' title='bbox 559 2536 680 2601; x_wconf 87' lang='lat' dir='ltr'>iudicas</span> <span class='ocrx_word' id='word_1_252' title='bbox 700 2539 793 2601; x_wconf 90' lang='lat' dir='ltr'>unice</span> <span class='ocrx_word' id='word_1_253' title='bbox 807 2559 917 2601; x_wconf 86' lang='lat' dir='ltr'>verum</span> <span class='ocrx_word' id='word_1_254' title='bbox 938 2558 1028 2601; x_wconf 88' lang='lat' dir='ltr'>esse:</span> <span class='ocrx_word' id='word_1_255' title='bbox 1043 2542 1188 2610; x_wconf 80' lang='grc' dir='ltr'><strong><em>τοιοῦτος</em></strong></span> <span class='ocrx_word' id='word_1_256' title='bbox 1208 2529 1283 2603; x_wconf 75' lang='grc' dir='ltr'><strong><em>ἔσθ’</em></strong></span> <span class='ocrx_word' id='word_1_257' title='bbox 1304 2531 1454 2617; x_wconf 71' lang='grc' dir='ltr'><strong><em>οἵοισπερ</em></strong></span> <span class='ocrx_word' id='word_1_258' title='bbox 1476 2528 1589 2620; x_wconf 78' lang='grc' dir='ltr'><strong><em>ἥδεται</em></strong></span> <span class='ocrx_word' id='word_1_259' title='bbox 1603 2524 1704 2617; x_wconf 81' lang='grc' dir='ltr'><strong><em>ξυνών</em></strong></span> <span class='ocrx_word' id='word_1_260' title='bbox 1722 2559 1783 2624; x_wconf 88' lang='lat' dir='ltr'>pro</span> <span class='ocrx_word' id='word_1_261' title='bbox 1796 2534 1883 2601; x_wconf 82' lang='grc' dir='ltr'><strong><em>ἐστιν</em></strong></span> <span class='ocrx_word' id='word_1_262' title='bbox 1896 2527 2024 2626; x_wconf 85' lang='grc' dir='ltr'><strong><em>οἷσπερ.</em></strong></span> 
     </span>
     <span class='ocr_line' id='line_1_21' title="bbox 234 2636 2025 2732; baseline 0.001 -22"><span class='ocrx_word' id='word_1_263' title='bbox 234 2645 380 2732; x_wconf 83' lang='lat' dir='ltr'>Itemque</span> <span class='ocrx_word' id='word_1_264' title='bbox 402 2644 624 2730; x_wconf 80' lang='lat' dir='ltr'>corrigendum</span> <span class='ocrx_word' id='word_1_265' title='bbox 646 2648 667 2726; x_wconf 66' lang='grc' dir='ltr'>ξ</span> <span class='ocrx_word' id='word_1_266' title='bbox 691 2643 757 2708; x_wconf 79' lang='grc'><strong>153.</strong></span> <span class='ocrx_word' id='word_1_267' title='bbox 809 2643 971 2708; x_wconf 85' lang='lat' dir='ltr'>Admonet</span> <span class='ocrx_word' id='word_1_268' title='bbox 998 2666 1049 2708; x_wconf 91' lang='lat' dir='ltr'>me</span> <span class='ocrx_word' id='word_1_269' title='bbox 1078 2644 1139 2708; x_wconf 89' lang='lat' dir='ltr'>hoc</span> <span class='ocrx_word' id='word_1_270' title='bbox 1168 2645 1278 2708; x_wconf 85' lang='lat' dir='ltr'>vitium</span> <span class='ocrx_word' id='word_1_271' title='bbox 1299 2643 1460 2731; x_wconf 79' lang='lat' dir='ltr'>Euripidis</span> <span class='ocrx_word' id='word_1_272' title='bbox 1493 2641 1617 2708; x_wconf 87' lang='lat' dir='ltr'>Hecub.</span> <span class='ocrx_word' id='word_1_273' title='bbox 1640 2644 1711 2708; x_wconf 81' lang='lat'>51:</span> <span class='ocrx_word' id='word_1_274' title='bbox 1743 2636 1865 2725; x_wconf 85' lang='grc' dir='ltr'><strong><em>τοὺμόν</em></strong></span> <span class='ocrx_word' id='word_1_275' title='bbox 1884 2642 1942 2725; x_wconf 89' lang='grc' dir='ltr'>μέν</span> <span class='ocrx_word' id='word_1_276' title='bbox 1961 2638 2025 2728; x_wconf 87' lang='grc' dir='ltr'><strong><em>οὑν,</em></strong></span> 
     </span>
     <span class='ocr_line' id='line_1_22' title="bbox 235 2742 2026 2838; baseline 0.002 -21"><span class='ocrx_word' id='word_1_277' title='bbox 235 2745 376 2837; x_wconf 84' lang='grc' dir='ltr'><strong><em>ὅσονπερ</em></strong></span> <span class='ocrx_word' id='word_1_278' title='bbox 396 2745 520 2838; x_wconf 73' lang='grc' dir='ltr'><strong><em>ἤθελον</em></strong></span> <span class='ocrx_word' id='word_1_279' title='bbox 539 2754 655 2832; x_wconf 88' lang='grc' dir='ltr'><strong><em>τυχεῖν,</em></strong></span> <span class='ocrx_word' id='word_1_280' title='bbox 679 2746 782 2817; x_wconf 75' lang='grc' dir='ltr'><strong><em>ἔσται.</em></strong></span> <span class='ocrx_word' id='word_1_281' title='bbox 825 2749 1037 2816; x_wconf 74' lang='lat' dir='ltr'>scribendum</span> <span class='ocrx_word' id='word_1_282' title='bbox 1060 2752 1200 2838; x_wconf 88' lang='lat' dir='ltr'>opinor:</span> <span class='ocrx_word' id='word_1_283' title='bbox 1229 2742 1363 2837; x_wconf 82' lang='grc' dir='ltr'><strong><em>οἷόνπερ</em></strong></span> <span class='ocrx_word' id='word_1_284' title='bbox 1392 2744 1512 2835; x_wconf 79' lang='grc' dir='ltr'><strong><em>ἤθελον</em></strong></span> <span class='ocrx_word' id='word_1_285' title='bbox 1532 2754 1649 2833; x_wconf 78' lang='grc' dir='ltr'><strong><em>τυχεῖν,</em></strong></span> <span class='ocrx_word' id='word_1_286' title='bbox 1669 2753 1688 2815; x_wconf 92' lang='lat' dir='ltr'>i.</span> <span class='ocrx_word' id='word_1_287' title='bbox 1711 2773 1740 2816; x_wconf 87' lang='lat' dir='ltr'>e.</span> <span class='ocrx_word' id='word_1_288' title='bbox 1760 2759 1904 2817; x_wconf 85' lang='grc' dir='ltr'><strong><em>τοιοῦτον</em></strong></span> <span class='ocrx_word' id='word_1_289' title='bbox 1931 2748 2026 2821; x_wconf 71' lang='grc' dir='ltr'><strong><em>ἔσται</em></strong></span> 
     </span>
     <span class='ocr_line' id='line_1_23' title="bbox 235 2850 1716 2945; baseline -0.001 -20"><span class='ocrx_word' id='word_1_290' title='bbox 235 2850 302 2925; x_wconf 80' lang='grc' dir='ltr'><strong><em>οἷον</em></strong></span> <span class='ocrx_word' id='word_1_291' title='bbox 323 2853 420 2934; x_wconf 84' lang='grc' dir='ltr'><strong><em>αι’τὸς</em></strong></span> <span class='ocrx_word' id='word_1_292' title='bbox 439 2850 562 2945; x_wconf 69' lang='grc' dir='ltr'><strong><em>ἤθελον</em></strong></span> <span class='ocrx_word' id='word_1_293' title='bbox 581 2863 698 2941; x_wconf 86' lang='grc' dir='ltr'><strong><em>τυχεῖν,</em></strong></span> <span class='ocrx_word' id='word_1_294' title='bbox 720 2881 763 2924; x_wconf 89' lang='lat' dir='ltr'>se.</span> <span class='ocrx_word' id='word_1_295' title='bbox 787 2860 968 2945; x_wconf 87' lang='lat' dir='ltr'>sepulturae</span> <span class='ocrx_word' id='word_1_296' title='bbox 989 2857 1173 2924; x_wconf 83' lang='lat' dir='ltr'>felicitatem</span> <span class='ocrx_word' id='word_1_297' title='bbox 1195 2860 1304 2923; x_wconf 86' lang='lat' dir='ltr'>matris</span> <span class='ocrx_word' id='word_1_298' title='bbox 1325 2859 1471 2923; x_wconf 90' lang='lat' dir='ltr'>manibus</span> <span class='ocrx_word' id='word_1_299' title='bbox 1492 2858 1553 2923; x_wconf 92' lang='lat' dir='ltr'>sibi</span> <span class='ocrx_word' id='word_1_300' title='bbox 1574 2869 1716 2945; x_wconf 81' lang='lat' dir='ltr'>exoptat.</span> 
     </span>
    </p>

    <p class='ocr_par' dir='ltr' id='par_1_6' title="bbox 203 2955 2027 3268">
     <span class='ocr_line' id='line_1_24' title="bbox 334 2955 2025 3055; baseline 0.003 -25"><span class='ocrx_word' id='word_1_301' title='bbox 334 2965 464 3031; x_wconf 83' lang='lat'>1161:</span> <span class='ocrx_word' id='word_1_302' title='bbox 491 2961 545 3032; x_wconf 75' lang='grc' dir='ltr'>ἵνα</span> <span class='ocrx_word' id='word_1_303' title='bbox 571 2962 590 3032; x_wconf 89' lang='grc' dir='ltr'><strong><em>ὑ</em></strong></span> <span class='ocrx_word' id='word_1_304' title='bbox 615 2963 662 3054; x_wconf 78' lang='grc' dir='ltr'>μη</span> <span class='ocrx_word' id='word_1_305' title='bbox 682 2957 839 3052; x_wconf 83' lang='grc' dir='ltr'><strong><em>παραβάς</em></strong></span> <span class='ocrx_word' id='word_1_306' title='bbox 866 2960 910 3031; x_wconf 89' lang='grc' dir='ltr'><strong><em>τά</em></strong></span> <span class='ocrx_word' id='word_1_307' title='bbox 935 2964 1140 3053; x_wconf 72' lang='grc' dir='ltr'><strong><em>γεγραμμένα</em></strong></span> <span class='ocrx_word' id='word_1_308' title='bbox 1165 2965 1256 3051; x_wconf 89' lang='grc' dir='ltr'><strong><em>δίκην</em></strong></span> <span class='ocrx_word' id='word_1_309' title='bbox 1284 2955 1370 3053; x_wconf 85' lang='grc' dir='ltr'><strong><em>λάβη</em></strong></span> <span class='ocrx_word' id='word_1_310' title='bbox 1398 2963 1449 3053; x_wconf 82' lang='grc' dir='ltr'>[τῇ</span> <span class='ocrx_word' id='word_1_311' title='bbox 1476 2960 1590 3055; x_wconf 83' lang='grc' dir='ltr'><strong><em>ψήφῳ]</em></strong></span> <span class='ocrx_word' id='word_1_312' title='bbox 1613 2960 1707 3054; x_wconf 81' lang='grc' dir='ltr'><strong><em>παρά</em></strong></span> <span class='ocrx_word' id='word_1_313' title='bbox 1727 2972 1785 3031; x_wconf 85' lang='grc' dir='ltr'>τοῦ</span> <span class='ocrx_word' id='word_1_314' title='bbox 1805 2955 2025 3053; x_wconf 86' lang='grc' dir='ltr'><strong><em>παραβάντος.</em></strong></span> 
     </span>
     <span class='ocr_line' id='line_1_25' title="bbox 235 3072 2027 3163; baseline 0.001 -23"><span class='ocrx_word' id='word_1_315' title='bbox 235 3075 419 3140; x_wconf 88' lang='lat' dir='ltr'>Inauditum</span> <span class='ocrx_word' id='word_1_316' title='bbox 442 3084 491 3140; x_wconf 91' lang='lat' dir='ltr'>est</span> <span class='ocrx_word' id='word_1_317' title='bbox 511 3074 689 3139; x_wconf 90' lang='lat' dir='ltr'>huiusmodi</span> <span class='ocrx_word' id='word_1_318' title='bbox 714 3074 964 3140; x_wconf 86' lang='lat' dir='ltr'>additamentum</span> <span class='ocrx_word' id='word_1_319' title='bbox 991 3096 998 3136; x_wconf 91' lang='lat'><strong>:</strong></span> <span class='ocrx_word' id='word_1_320' title='bbox 1030 3075 1080 3137; x_wconf 91' lang='lat' dir='ltr'>ius</span> <span class='ocrx_word' id='word_1_321' title='bbox 1112 3095 1203 3137; x_wconf 88' lang='lat' dir='ltr'>suum</span> <span class='ocrx_word' id='word_1_322' title='bbox 1226 3073 1360 3160; x_wconf 89' lang='lat' dir='ltr'>quisque</span> <span class='ocrx_word' id='word_1_323' title='bbox 1380 3074 1413 3136; x_wconf 91' lang='lat' dir='ltr'>in</span> <span class='ocrx_word' id='word_1_324' title='bbox 1435 3073 1562 3138; x_wconf 86' lang='lat' dir='ltr'>civitate</span> <span class='ocrx_word' id='word_1_325' title='bbox 1584 3072 1710 3159; x_wconf 90' lang='lat' dir='ltr'>quidem</span> <span class='ocrx_word' id='word_1_326' title='bbox 1733 3074 1801 3138; x_wconf 88' lang='lat' dir='ltr'>iure</span> <span class='ocrx_word' id='word_1_327' title='bbox 1823 3074 1974 3163; x_wconf 87' lang='lat' dir='ltr'>discripta</span> <span class='ocrx_word' id='word_1_328' title='bbox 1993 3076 2027 3142; x_wconf 85' lang='lat' dir='ltr'>ia</span> 
     </span>
     <span class='ocr_line' id='line_1_26' title="bbox 203 3182 666 3268; baseline 0.002 -23"><span class='ocrx_word' id='word_1_329' title='bbox 203 3237 207 3245; x_wconf 94' lang='lat'>.</span> <span class='ocrx_word' id='word_1_330' title='bbox 238 3182 353 3248; x_wconf 90' lang='lat' dir='ltr'>iudicio</span> <span class='ocrx_word' id='word_1_331' title='bbox 375 3182 523 3249; x_wconf 87' lang='lat' dir='ltr'>videlicet</span> <span class='ocrx_word' id='word_1_332' title='bbox 542 3182 666 3268; x_wconf 85' lang='lat' dir='ltr'>repetit</span> 
     </span>
    </p>

    <p class='ocr_par' dir='ltr' id='par_1_7' title="bbox 233 3279 2033 5309">
     <span class='ocr_line' id='line_1_27' title="bbox 334 3279 2028 3376; baseline 0.001 -21"><span class='ocrx_word' id='word_1_333' title='bbox 334 3291 351 3355; x_wconf 96' lang='grc' dir='ltr'>Ι</span> <span class='ocrx_word' id='word_1_334' title='bbox 376 3292 433 3355; x_wconf 84' lang='grc'><strong>164</strong></span> <span class='ocrx_word' id='word_1_335' title='bbox 455 3313 462 3353; x_wconf 93' lang='lat'>:</span> <span class='ocrx_word' id='word_1_336' title='bbox 484 3281 579 3365; x_wconf 80' lang='grc' dir='ltr'><strong><em>οὗτος</em></strong></span> <span class='ocrx_word' id='word_1_337' title='bbox 600 3288 638 3355; x_wconf 81' lang='grc' dir='ltr'>δέ</span> <span class='ocrx_word' id='word_1_338' title='bbox 657 3284 849 3374; x_wconf 73' lang='grc' dir='ltr'><strong><em>ὑπερβαίνει</em></strong></span> <span class='ocrx_word' id='word_1_339' title='bbox 870 3284 932 3365; x_wconf 84' lang='grc' dir='ltr'>τάς</span> <span class='ocrx_word' id='word_1_340' title='bbox 953 3279 1125 3373; x_wconf 85' lang='grc' dir='ltr'><strong><em>συνθήκας.</em></strong></span> <span class='ocrx_word' id='word_1_341' title='bbox 1169 3287 1285 3353; x_wconf 87' lang='lat' dir='ltr'>Mirum</span> <span class='ocrx_word' id='word_1_342' title='bbox 1307 3288 1383 3351; x_wconf 92' lang='lat' dir='ltr'>mihi</span> <span class='ocrx_word' id='word_1_343' title='bbox 1405 3295 1473 3351; x_wconf 90' lang='lat' dir='ltr'>erat</span> <span class='ocrx_word' id='word_1_344' title='bbox 1495 3286 1581 3374; x_wconf 91' lang='lat' dir='ltr'>quod</span> <span class='ocrx_word' id='word_1_345' title='bbox 1603 3287 1746 3351; x_wconf 88' lang='lat' dir='ltr'>codicum</span> <span class='ocrx_word' id='word_1_346' title='bbox 1768 3291 1924 3376; x_wconf 84' lang='lat' dir='ltr'>scriptura</span> <span class='ocrx_word' id='word_1_347' title='bbox 1939 3289 2028 3356; x_wconf 83' lang='lat' dir='ltr'>dum·</span> 
     </span>
     <span class='ocr_line' id='line_1_28' title="bbox 239 3395 2026 3482; baseline 0.001 -21"><span class='ocrx_word' id='word_1_348' title='bbox 239 3407 315 3463; x_wconf 91' lang='lat' dir='ltr'>nata</span> <span class='ocrx_word' id='word_1_349' title='bbox 335 3395 532 3482; x_wconf 90' lang='grc' dir='ltr'><strong><em>παραβαίνει</em></strong></span> <span class='ocrx_word' id='word_1_350' title='bbox 556 3396 779 3482; x_wconf 87' lang='lat' dir='ltr'>corrigendum</span> <span class='ocrx_word' id='word_1_351' title='bbox 802 3419 871 3460; x_wconf 86' lang='lat' dir='ltr'>esse</span> <span class='ocrx_word' id='word_1_352' title='bbox 894 3396 1087 3461; x_wconf 88' lang='lat' dir='ltr'>existimasti.</span> <span class='ocrx_word' id='word_1_353' title='bbox 1141 3396 1226 3460; x_wconf 90' lang='lat' dir='ltr'>Nam</span> <span class='ocrx_word' id='word_1_354' title='bbox 1258 3395 1316 3459; x_wconf 88' lang='lat' dir='ltr'>etsi</span> <span class='ocrx_word' id='word_1_355' title='bbox 1347 3416 1457 3459; x_wconf 88' lang='lat' dir='ltr'>verum</span> <span class='ocrx_word' id='word_1_356' title='bbox 1489 3404 1539 3458; x_wconf 87' lang='lat' dir='ltr'>est</span> <span class='ocrx_word' id='word_1_357' title='bbox 1567 3417 1639 3459; x_wconf 89' lang='lat' dir='ltr'>cum</span> <span class='ocrx_word' id='word_1_358' title='bbox 1668 3417 1779 3461; x_wconf 90' lang='lat' dir='ltr'>omnes</span> <span class='ocrx_word' id='word_1_359' title='bbox 1807 3397 1930 3462; x_wconf 82' lang='lat' dir='ltr'>Atticos</span> <span class='ocrx_word' id='word_1_360' title='bbox 1958 3409 2026 3463; x_wconf 92' lang='lat' dir='ltr'>tum</span> 
     </span>
     <span class='ocr_line' id='line_1_29' title="bbox 237 3494 2026 3591; baseline 0.001 -21"><span class='ocrx_word' id='word_1_361' title='bbox 237 3507 429 3571; x_wconf 83' lang='lat' dir='ltr'>Aeschinem</span> <span class='ocrx_word' id='word_1_362' title='bbox 453 3505 551 3569; x_wconf 90' lang='lat' dir='ltr'>multe</span> <span class='ocrx_word' id='word_1_363' title='bbox 573 3507 700 3591; x_wconf 89' lang='lat' dir='ltr'>saepius</span> <span class='ocrx_word' id='word_1_364' title='bbox 715 3503 820 3568; x_wconf 86' lang='lat' dir='ltr'>dicere</span> <span class='ocrx_word' id='word_1_365' title='bbox 833 3501 1050 3588; x_wconf 71' lang='grc' dir='ltr'><strong><em>παραβαίνειν</em></strong></span> <span class='ocrx_word' id='word_1_366' title='bbox 1070 3498 1145 3579; x_wconf 85' lang='grc' dir='ltr'>τοὺς</span> <span class='ocrx_word' id='word_1_367' title='bbox 1160 3494 1283 3585; x_wconf 85' lang='grc' dir='ltr'><strong><em>νόμους,</em></strong></span> <span class='ocrx_word' id='word_1_368' title='bbox 1305 3513 1337 3567; x_wconf 87' lang='lat' dir='ltr'>at</span> <span class='ocrx_word' id='word_1_369' title='bbox 1359 3502 1517 3566; x_wconf 89' lang='lat' dir='ltr'>invenitur</span> <span class='ocrx_word' id='word_1_370' title='bbox 1538 3513 1642 3566; x_wconf 85' lang='lat' dir='ltr'>tamen</span> <span class='ocrx_word' id='word_1_371' title='bbox 1666 3502 1752 3590; x_wconf 93' lang='lat' dir='ltr'>apud</span> <span class='ocrx_word' id='word_1_372' title='bbox 1766 3503 1882 3568; x_wconf 87' lang='lat' dir='ltr'>Aeseh.</span> <span class='ocrx_word' id='word_1_373' title='bbox 1898 3503 1951 3569; x_wconf 92' lang='lat' dir='ltr'>III</span> <span class='ocrx_word' id='word_1_374' title='bbox 1965 3505 2026 3570; x_wconf 82' lang='lat'>34:</span> 
     </span>
     <span class='ocr_line' id='line_1_30' title="bbox 237 3602 2027 3697; baseline 0.001 -21"><span class='ocrx_word' id='word_1_375' title='bbox 237 3607 277 3676; x_wconf 87' lang='grc' dir='ltr'>οὑ</span> <span class='ocrx_word' id='word_1_376' title='bbox 297 3608 375 3687; x_wconf 86' lang='grc' dir='ltr'>τοὺς</span> <span class='ocrx_word' id='word_1_377' title='bbox 396 3605 512 3693; x_wconf 90' lang='grc' dir='ltr'><strong><em>νόμους</em></strong></span> <span class='ocrx_word' id='word_1_378' title='bbox 532 3604 630 3691; x_wconf 90' lang='grc' dir='ltr'><strong><em>μόνον</em></strong></span> <span class='ocrx_word' id='word_1_379' title='bbox 652 3605 801 3694; x_wconf 86' lang='grc' dir='ltr'><strong><em>ὑπερβάς</em></strong></span> <span class='ocrx_word' id='word_1_380' title='bbox 830 3604 914 3674; x_wconf 86' lang='grc' dir='ltr'><strong><em>ἀλλά</em></strong></span> <span class='ocrx_word' id='word_1_381' title='bbox 940 3611 992 3676; x_wconf 81' lang='grc' dir='ltr'>καί</span> <span class='ocrx_word' id='word_1_382' title='bbox 1020 3605 1073 3676; x_wconf 90' lang='grc' dir='ltr'>τόν</span> <span class='ocrx_word' id='word_1_383' title='bbox 1099 3602 1198 3675; x_wconf 84' lang='grc' dir='ltr'><strong><em>τόπον</em></strong></span> <span class='ocrx_word' id='word_1_384' title='bbox 1228 3602 1437 3695; x_wconf 83' lang='grc' dir='ltr'><strong><em>μετενεγκών,</em></strong></span> <span class='ocrx_word' id='word_1_385' title='bbox 1467 3609 1552 3697; x_wconf 82' lang='lat' dir='ltr'>apud</span> <span class='ocrx_word' id='word_1_386' title='bbox 1585 3609 1838 3676; x_wconf 86' lang='lat' dir='ltr'>Demosthenem</span> <span class='ocrx_word' id='word_1_387' title='bbox 1880 3634 1958 3677; x_wconf 86' lang='lat' dir='ltr'>vero</span> <span class='ocrx_word' id='word_1_388' title='bbox 1994 3613 2027 3678; x_wconf 90' lang='lat' dir='ltr'>in</span> 
     </span>
     <span class='ocr_line' id='line_1_31' title="bbox 238 3715 2026 3806; baseline 0.002 -23"><span class='ocrx_word' id='word_1_389' title='bbox 238 3742 302 3784; x_wconf 87' lang='lat' dir='ltr'>una</span> <span class='ocrx_word' id='word_1_390' title='bbox 322 3722 544 3784; x_wconf 88' lang='lat' dir='ltr'>Aristocratea</span> <span class='ocrx_word' id='word_1_391' title='bbox 564 3719 648 3783; x_wconf 91' lang='lat' dir='ltr'>idem</span> <span class='ocrx_word' id='word_1_392' title='bbox 669 3719 803 3784; x_wconf 88' lang='lat' dir='ltr'>verbum</span> <span class='ocrx_word' id='word_1_393' title='bbox 824 3717 935 3783; x_wconf 89' lang='lat' dir='ltr'>eodem</span> <span class='ocrx_word' id='word_1_394' title='bbox 958 3741 1088 3806; x_wconf 86' lang='lat' dir='ltr'>prorsus</span> <span class='ocrx_word' id='word_1_395' title='bbox 1110 3719 1204 3783; x_wconf 89' lang='lat' dir='ltr'>mode</span> <span class='ocrx_word' id='word_1_396' title='bbox 1227 3721 1367 3806; x_wconf 90' lang='lat' dir='ltr'>quinque</span> <span class='ocrx_word' id='word_1_397' title='bbox 1381 3719 1458 3782; x_wconf 90' lang='lat' dir='ltr'>loeis</span> <span class='ocrx_word' id='word_1_398' title='bbox 1474 3728 1659 3804; x_wconf 87' lang='lat' dir='ltr'>usurpatum</span> <span class='ocrx_word' id='word_1_399' title='bbox 1682 3728 1796 3800; x_wconf 88' lang='lat' dir='ltr'>exstat,</span> <span class='ocrx_word' id='word_1_400' title='bbox 1811 3719 1875 3784; x_wconf 86' lang='lat'>63:</span> <span class='ocrx_word' id='word_1_401' title='bbox 1897 3715 2026 3797; x_wconf 88' lang='grc' dir='ltr'><strong><em>πάντας</em></strong></span> 
     </span>
     <span class='ocr_line' id='line_1_32' title="bbox 236 3816 2026 3913; baseline 0.003 -25"><span class='ocrx_word' id='word_1_402' title='bbox 236 3822 438 3911; x_wconf 85' lang='grc' dir='ltr'><strong><em>ὑπερβέβηκε</em></strong></span> <span class='ocrx_word' id='word_1_403' title='bbox 459 3819 591 3901; x_wconf 80' lang='grc' dir='ltr'><strong><em>τούτους</em></strong></span> <span class='ocrx_word' id='word_1_404' title='bbox 608 3817 751 3910; x_wconf 84' lang='grc' dir='ltr'><strong><em>(νόμους)</em></strong></span> <span class='ocrx_word' id='word_1_405' title='bbox 772 3825 827 3891; x_wconf 87' lang='grc' dir='ltr'>καί</span> <span class='ocrx_word' id='word_1_406' title='bbox 849 3829 951 3890; x_wconf 79' lang='grc' dir='ltr'><strong><em>πᾶσιν</em></strong></span> <span class='ocrx_word' id='word_1_407' title='bbox 970 3824 1112 3891; x_wconf 81' lang='grc' dir='ltr'><strong><em>ἐναντίω</em></strong></span> <span class='ocrx_word' id='word_1_408' title='bbox 1132 3825 1244 3910; x_wconf 83' lang='grc' dir='ltr'><strong><em>εῖρηκε</em></strong></span> <span class='ocrx_word' id='word_1_409' title='bbox 1264 3820 1302 3890; x_wconf 84' lang='grc' dir='ltr'>τό</span> <span class='ocrx_word' id='word_1_410' title='bbox 1325 3816 1483 3913; x_wconf 73' lang='grc' dir='ltr'><strong><em>ψήφισμα</em></strong></span> <span class='ocrx_word' id='word_1_411' title='bbox 1496 3823 1593 3905; x_wconf 86' lang='grc' dir='ltr'><strong><em>τουτί,</em></strong></span> <span class='ocrx_word' id='word_1_412' title='bbox 1616 3824 1654 3890; x_wconf 91' lang='grc'>77</span> <span class='ocrx_word' id='word_1_413' title='bbox 1671 3851 1680 3891; x_wconf 91' lang='lat'>:</span> <span class='ocrx_word' id='word_1_414' title='bbox 1695 3821 1744 3891; x_wconf 70' lang='grc' dir='ltr'>ἔτι</span> <span class='ocrx_word' id='word_1_415' title='bbox 1759 3825 1862 3892; x_wconf 87' lang='grc' dir='ltr'><strong><em>τοίνυν</em></strong></span> <span class='ocrx_word' id='word_1_416' title='bbox 1876 3827 2026 3904; x_wconf 87' lang='grc' dir='ltr'><strong><em>πέμπτον</em></strong></span> 
     </span>
     <span class='ocr_line' id='line_1_33' title="bbox 235 3922 2025 4021; baseline 0.002 -24"><span class='ocrx_word' id='word_1_417' title='bbox 235 3926 440 4019; x_wconf 79' lang='grc' dir='ltr'><strong><em>δικαστήριον</em></strong></span> <span class='ocrx_word' id='word_1_418' title='bbox 458 3929 636 3999; x_wconf 84' lang='grc' dir='ltr'><strong><em>θεάσασθε</em></strong></span> <span class='ocrx_word' id='word_1_419' title='bbox 654 3923 721 3998; x_wconf 81' lang='grc' dir='ltr'><strong><em>οἷον</em></strong></span> <span class='ocrx_word' id='word_1_420' title='bbox 744 3922 956 4018; x_wconf 80' lang='grc' dir='ltr'><strong><em>ὑπερβέβηκε,</em></strong></span> <span class='ocrx_word' id='word_1_421' title='bbox 978 3933 1016 3999; x_wconf 91' lang='grc'>87</span> <span class='ocrx_word' id='word_1_422' title='bbox 1041 3956 1048 3996; x_wconf 93' lang='lat'><strong>:</strong></span> <span class='ocrx_word' id='word_1_423' title='bbox 1072 3924 1283 4019; x_wconf 77' lang='grc' dir='ltr'><strong><em>ὑπαρχόντων</em></strong></span> <span class='ocrx_word' id='word_1_424' title='bbox 1302 3925 1464 3998; x_wconf 82' lang='grc' dir='ltr'><strong><em>τοσσὺτων</em></strong></span> <span class='ocrx_word' id='word_1_425' title='bbox 1482 3923 1587 4012; x_wconf 77' lang='grc' dir='ltr'><strong><em>νόμων</em></strong></span> <span class='ocrx_word' id='word_1_426' title='bbox 1608 3927 1735 4008; x_wconf 87' lang='grc' dir='ltr'><strong><em>πάντας</em></strong></span> <span class='ocrx_word' id='word_1_427' title='bbox 1752 3928 1911 4021; x_wconf 76' lang='grc' dir='ltr'><strong><em>ὑπερβάς,</em></strong></span> <span class='ocrx_word' id='word_1_428' title='bbox 1933 3936 1995 4002; x_wconf 90' lang='grc'>220</span> <span class='ocrx_word' id='word_1_429' title='bbox 2017 3959 2025 4000; x_wconf 91' lang='lat'>:</span> 
     </span>
     <span class='ocr_line' id='line_1_34' title="bbox 236 4029 2027 4128; baseline 0.002 -24"><span class='ocrx_word' id='word_1_430' title='bbox 236 4037 266 4105; x_wconf 86' lang='grc' dir='ltr'>εἰ</span> <span class='ocrx_word' id='word_1_431' title='bbox 280 4040 317 4106; x_wconf 83' lang='grc' dir='ltr'>δέ</span> <span class='ocrx_word' id='word_1_432' title='bbox 335 4038 372 4106; x_wconf 84' lang='grc' dir='ltr'>τό</span> <span class='ocrx_word' id='word_1_433' title='bbox 386 4047 443 4127; x_wconf 82' lang='grc' dir='ltr'>τῆς</span> <span class='ocrx_word' id='word_1_434' title='bbox 457 4037 566 4116; x_wconf 83' lang='grc' dir='ltr'><strong><em>αἰτίας</em></strong></span> <span class='ocrx_word' id='word_1_435' title='bbox 584 4035 689 4119; x_wconf 83' lang='grc' dir='ltr'><strong><em>δ’νομα</em></strong></span> <span class='ocrx_word' id='word_1_436' title='bbox 707 4029 789 4104; x_wconf 81' lang='grc' dir='ltr'><strong><em>αὑτό</em></strong></span> <span class='ocrx_word' id='word_1_437' title='bbox 810 4029 945 4126; x_wconf 77' lang='grc' dir='ltr'><strong><em>γράψας</em></strong></span> <span class='ocrx_word' id='word_1_438' title='bbox 967 4035 1026 4125; x_wconf 81' lang='grc' dir='ltr'><strong><em>,ἀν</em></strong></span> <span class='ocrx_word' id='word_1_439' title='bbox 1039 4061 1090 4116; x_wconf 85' lang='grc' dir='ltr'>τις</span> <span class='ocrx_word' id='word_1_440' title='bbox 1104 4035 1309 4128; x_wconf 62' lang='grc' dir='ltr'><strong><em>ἀποκτείνηέ,</em></strong></span> <span class='ocrx_word' id='word_1_441' title='bbox 1330 4040 1384 4104; x_wconf 84' lang='grc' dir='ltr'>καί</span> <span class='ocrx_word' id='word_1_442' title='bbox 1409 4036 1560 4126; x_wconf 80' lang='grc' dir='ltr'><strong><em>ὑπερβάς</em></strong></span> <span class='ocrx_word' id='word_1_443' title='bbox 1579 4036 1617 4105; x_wconf 87' lang='grc' dir='ltr'>τό</span> <span class='ocrx_word' id='word_1_444' title='bbox 1639 4031 1713 4126; x_wconf 80' lang='grc' dir='ltr'><strong><em>,καί</em></strong></span> <span class='ocrx_word' id='word_1_445' title='bbox 1733 4037 1806 4125; x_wconf 69' lang='lat' dir='ltr'>etp</span> <span class='ocrx_word' id='word_1_446' title='bbox 1827 4034 1950 4126; x_wconf 59' lang='lat' dir='ltr'>po&#39;vmss</span> <span class='ocrx_word' id='word_1_447' title='bbox 1969 4091 2000 4108; x_wconf 89' lang='lat'>..</span> <span class='ocrx_word' id='word_1_448' title='bbox 2018 4092 2027 4108; x_wconf 89' lang='lat'><em>.</em></span> 
     </span>
     <span class='ocr_line' id='line_1_35' title="bbox 235 4139 2029 4236; baseline 0.004 -27"><span class='ocrx_word' id='word_1_449' title='bbox 235 4149 289 4215; x_wconf 84' lang='grc' dir='ltr'>καί</span> <span class='ocrx_word' id='word_1_450' title='bbox 311 4141 412 4214; x_wconf 90' lang='grc' dir='ltr'><strong><em>πάνθ’</em></strong></span> <span class='ocrx_word' id='word_1_451' title='bbox 432 4140 491 4213; x_wconf 83' lang='grc' dir='ltr'><strong><em>ὅσα</em></strong></span> <span class='ocrx_word' id='word_1_452' title='bbox 512 4147 581 4214; x_wconf 84' lang='grc' dir='ltr'><strong><em>ἐστι</em></strong></span> <span class='ocrx_word' id='word_1_453' title='bbox 605 4148 716 4212; x_wconf 88' lang='grc' dir='ltr'><strong><em>δίκαια</em></strong></span> <span class='ocrx_word' id='word_1_454' title='bbox 740 4142 911 4236; x_wconf 80' lang='grc' dir='ltr'><strong><em>[ὑπερβάς]</em></strong></span> <span class='ocrx_word' id='word_1_455' title='bbox 935 4140 1096 4231; x_wconf 78' lang='grc' dir='ltr'><strong><em>ἀγώγιμον</em></strong></span> <span class='ocrx_word' id='word_1_456' title='bbox 1116 4140 1200 4214; x_wconf 76' lang='grc' dir='ltr'><strong><em>εἶναι</em></strong></span> <span class='ocrx_word' id='word_1_457' title='bbox 1221 4144 1372 4235; x_wconf 88' lang='grc' dir='ltr'><strong><em>γέγραφε,</em></strong></span> <span class='ocrx_word' id='word_1_458' title='bbox 1400 4143 1446 4233; x_wconf 75' lang='grc' dir='ltr'><em>μή</em></span> <span class='ocrx_word' id='word_1_459' title='bbox 1465 4146 1686 4233; x_wconf 85' lang='grc' dir='ltr'><strong><em>φενακίζεσθε</em></strong></span> <span class='ocrx_word' id='word_1_460' title='bbox 1715 4144 1785 4213; x_wconf 73' lang='grc' dir='ltr'><strong><em>ἀλλ’</em></strong></span> <span class='ocrx_word' id='word_1_461' title='bbox 1812 4139 1848 4213; x_wconf 81' lang='grc' dir='ltr'>εὖ</span> <span class='ocrx_word' id='word_1_462' title='bbox 1875 4149 1946 4215; x_wconf 72' lang='grc' dir='ltr'><strong><em>ίσθ</em></strong></span> <span class='ocrx_word' id='word_1_463' title='bbox 1976 4144 2029 4217; x_wconf 81' lang='grc' dir='ltr'>ὅτε</span> 
     </span>
     <span class='ocr_line' id='line_1_36' title="bbox 236 4246 2029 4345; baseline -0.001 -22"><span class='ocrx_word' id='word_1_464' title='bbox 236 4255 364 4323; x_wconf 86' lang='grc' dir='ltr'><strong><em>πάντων</em></strong></span> <span class='ocrx_word' id='word_1_465' title='bbox 386 4246 650 4340; x_wconf 87' lang='grc' dir='ltr'><strong><em>παρανομώτατα</em></strong></span> <span class='ocrx_word' id='word_1_466' title='bbox 670 4255 806 4342; x_wconf 83' lang='grc' dir='ltr'><strong><em>εῖρηκεν,</em></strong></span> <span class='ocrx_word' id='word_1_467' title='bbox 828 4255 881 4320; x_wconf 92' lang='lat' dir='ltr'>ubi</span> <span class='ocrx_word' id='word_1_468' title='bbox 902 4256 1001 4320; x_wconf 87' lang='lat' dir='ltr'>altero</span> <span class='ocrx_word' id='word_1_469' title='bbox 1025 4256 1153 4342; x_wconf 91' lang='lat' dir='ltr'>quidem</span> <span class='ocrx_word' id='word_1_470' title='bbox 1174 4258 1244 4321; x_wconf 92' lang='lat' dir='ltr'>loeo</span> <span class='ocrx_word' id='word_1_471' title='bbox 1260 4258 1458 4344; x_wconf 86' lang='lat' dir='ltr'>participium</span> <span class='ocrx_word' id='word_1_472' title='bbox 1475 4256 1551 4320; x_wconf 90' lang='lat' dir='ltr'>mihi</span> <span class='ocrx_word' id='word_1_473' title='bbox 1566 4257 1769 4321; x_wconf 88' lang='lat' dir='ltr'>eximendum</span> <span class='ocrx_word' id='word_1_474' title='bbox 1784 4256 1921 4340; x_wconf 85' lang='lat' dir='ltr'>videtur,</span> <span class='ocrx_word' id='word_1_475' title='bbox 1939 4257 2029 4345; x_wconf 90' lang='lat' dir='ltr'>quod-</span> 
     </span>
     <span class='ocr_line' id='line_1_37' title="bbox 235 4355 2030 4450; baseline 0.002 -23"><span class='ocrx_word' id='word_1_476' title='bbox 235 4387 346 4429; x_wconf 88' lang='lat' dir='ltr'>verum</span> <span class='ocrx_word' id='word_1_477' title='bbox 377 4374 476 4445; x_wconf 89' lang='lat' dir='ltr'>esset,</span> <span class='ocrx_word' id='word_1_478' title='bbox 510 4364 536 4427; x_wconf 86' lang='lat' dir='ltr'>si</span> <span class='ocrx_word' id='word_1_479' title='bbox 562 4385 620 4450; x_wconf 89' lang='lat' dir='ltr'>pro</span> <span class='ocrx_word' id='word_1_480' title='bbox 649 4362 702 4428; x_wconf 82' lang='grc' dir='ltr'>καί</span> <span class='ocrx_word' id='word_1_481' title='bbox 727 4363 959 4427; x_wconf 87' lang='lat' dir='ltr'>Demosthenes</span> <span class='ocrx_word' id='word_1_482' title='bbox 992 4362 1125 4428; x_wconf 83' lang='lat' dir='ltr'>dixisset</span> <span class='ocrx_word' id='word_1_483' title='bbox 1152 4386 1160 4428; x_wconf 74' lang='grc' dir='ltr'><strong><em>τ</em></strong></span> <span class='ocrx_word' id='word_1_484' title='bbox 1188 4359 1221 4428; x_wconf 89' lang='grc' dir='ltr'>εί</span> <span class='ocrx_word' id='word_1_485' title='bbox 1250 4359 1291 4449; x_wconf 74' lang='grc' dir='ltr'><strong><em>δη</em></strong></span> <span class='ocrx_word' id='word_1_486' title='bbox 1318 4355 1419 4428; x_wconf 86' lang='grc' dir='ltr'><strong><em>πάνθ’</em></strong></span> <span class='ocrx_word' id='word_1_487' title='bbox 1448 4355 1509 4428; x_wconf 83' lang='grc' dir='ltr'><strong><em>ὅσα</em></strong></span> <span class='ocrx_word' id='word_1_488' title='bbox 1541 4361 1609 4428; x_wconf 82' lang='grc' dir='ltr'><strong><em>ἐστι</em></strong></span> <span class='ocrx_word' id='word_1_489' title='bbox 1644 4363 1757 4428; x_wconf 88' lang='grc' dir='ltr'><strong><em>δίκαια</em></strong></span> <span class='ocrx_word' id='word_1_490' title='bbox 1789 4359 1942 4448; x_wconf 76' lang='grc' dir='ltr'><strong><em>ὑπερβάς</em></strong></span> <span class='ocrx_word' id='word_1_491' title='bbox 1959 4364 2030 4431; x_wconf 64' lang='grc' dir='ltr'><strong><em>κτλ.</em></strong></span> 
     </span>
     <span class='ocr_line' id='line_1_38' title="bbox 235 4466 2033 4558; baseline -0.001 -20"><span class='ocrx_word' id='word_1_492' title='bbox 235 4471 359 4538; x_wconf 85' lang='lat' dir='ltr'>Ceteris</span> <span class='ocrx_word' id='word_1_493' title='bbox 382 4469 511 4558; x_wconf 85' lang='lat' dir='ltr'>quidem</span> <span class='ocrx_word' id='word_1_494' title='bbox 531 4469 611 4534; x_wconf 84' lang='lat' dir='ltr'>loeis</span> <span class='ocrx_word' id='word_1_495' title='bbox 632 4466 842 4554; x_wconf 76' lang='grc' dir='ltr'><strong><em>ὑπερβαίνειν</em></strong></span> <span class='ocrx_word' id='word_1_496' title='bbox 862 4470 1038 4534; x_wconf 80' lang='lat' dir='ltr'>Aeschines</span> <span class='ocrx_word' id='word_1_497' title='bbox 1060 4470 1107 4535; x_wconf 75' lang='lat' dir='ltr'>ita</span> <span class='ocrx_word' id='word_1_498' title='bbox 1122 4469 1284 4552; x_wconf 84' lang='lat' dir='ltr'>adhibuit,</span> <span class='ocrx_word' id='word_1_499' title='bbox 1311 4481 1350 4535; x_wconf 82' lang='lat' dir='ltr'>ut</span> <span class='ocrx_word' id='word_1_500' title='bbox 1366 4471 1510 4536; x_wconf 84' lang='lat' dir='ltr'>consulto</span> <span class='ocrx_word' id='word_1_501' title='bbox 1532 4470 1695 4558; x_wconf 77' lang='lat' dir='ltr'>quidpiam</span> <span class='ocrx_word' id='word_1_502' title='bbox 1718 4491 1753 4536; x_wconf 86' lang='lat' dir='ltr'>se</span> <span class='ocrx_word' id='word_1_503' title='bbox 1773 4473 2033 4558; x_wconf 86' lang='lat' dir='ltr'>praetermittere.</span> 
     </span>
     <span class='ocr_line' id='line_1_39' title="bbox 235 4575 2028 4666; baseline 0.002 -24"><span class='ocrx_word' id='word_1_504' title='bbox 235 4580 437 4665; x_wconf 84' lang='lat' dir='ltr'>significaret,</span> <span class='ocrx_word' id='word_1_505' title='bbox 461 4579 499 4642; x_wconf 92' lang='lat' dir='ltr'>cf.</span> <span class='ocrx_word' id='word_1_506' title='bbox 521 4575 574 4641; x_wconf 92' lang='lat' dir='ltr'>III</span> <span class='ocrx_word' id='word_1_507' title='bbox 596 4577 646 4658; x_wconf 88' lang='grc'>69,</span> <span class='ocrx_word' id='word_1_508' title='bbox 671 4578 738 4658; x_wconf 90' lang='grc'>118,</span> <span class='ocrx_word' id='word_1_509' title='bbox 763 4577 831 4659; x_wconf 82' lang='grc'><strong>165,</strong></span> <span class='ocrx_word' id='word_1_510' title='bbox 853 4577 925 4642; x_wconf 89' lang='grc'><strong>213.</strong></span> <span class='ocrx_word' id='word_1_511' title='bbox 967 4576 1062 4642; x_wconf 83' lang='grc' dir='ltr'><strong><em>Ηεοο</em></strong></span> <span class='ocrx_word' id='word_1_512' title='bbox 1082 4589 1188 4643; x_wconf 90' lang='lat' dir='ltr'>autem</span> <span class='ocrx_word' id='word_1_513' title='bbox 1209 4578 1365 4644; x_wconf 86' lang='lat' dir='ltr'>actionem</span> <span class='ocrx_word' id='word_1_514' title='bbox 1388 4578 1479 4644; x_wconf 85' lang='lat' dir='ltr'>facile</span> <span class='ocrx_word' id='word_1_515' title='bbox 1502 4588 1629 4643; x_wconf 81' lang='lat' dir='ltr'>vertere</span> <span class='ocrx_word' id='word_1_516' title='bbox 1650 4600 1745 4666; x_wconf 87' lang='lat' dir='ltr'>pesse</span> <span class='ocrx_word' id='word_1_517' title='bbox 1767 4581 1802 4642; x_wconf 90' lang='lat' dir='ltr'>in</span> <span class='ocrx_word' id='word_1_518' title='bbox 1815 4581 1940 4645; x_wconf 83' lang='lat' dir='ltr'>noxiam</span> <span class='ocrx_word' id='word_1_519' title='bbox 1955 4581 2028 4645; x_wconf 87' lang='lat' dir='ltr'>luce</span> 
     </span>
     <span class='ocr_line' id='line_1_40' title="bbox 234 4679 2028 4773; baseline 0.002 -23"><span class='ocrx_word' id='word_1_520' title='bbox 234 4687 349 4751; x_wconf 87' lang='lat' dir='ltr'>elarius</span> <span class='ocrx_word' id='word_1_521' title='bbox 371 4698 427 4750; x_wconf 90' lang='lat' dir='ltr'>est.</span> <span class='ocrx_word' id='word_1_522' title='bbox 471 4684 604 4750; x_wconf 86' lang='lat' dir='ltr'>Accedit</span> <span class='ocrx_word' id='word_1_523' title='bbox 625 4683 710 4771; x_wconf 90' lang='lat' dir='ltr'>quod</span> <span class='ocrx_word' id='word_1_524' title='bbox 733 4679 946 4768; x_wconf 74' lang='grc' dir='ltr'><strong><em>ὑπερβαίνειν</em></strong></span> <span class='ocrx_word' id='word_1_525' title='bbox 965 4680 1043 4761; x_wconf 87' lang='grc' dir='ltr'>τοὺς</span> <span class='ocrx_word' id='word_1_526' title='bbox 1062 4680 1178 4766; x_wconf 87' lang='grc' dir='ltr'><strong><em>νόμους</em></strong></span> <span class='ocrx_word' id='word_1_527' title='bbox 1200 4709 1272 4750; x_wconf 91' lang='lat' dir='ltr'>eum</span> <span class='ocrx_word' id='word_1_528' title='bbox 1294 4686 1366 4751; x_wconf 87' lang='lat' dir='ltr'>alibi</span> <span class='ocrx_word' id='word_1_529' title='bbox 1389 4697 1457 4750; x_wconf 89' lang='lat' dir='ltr'>tum</span> <span class='ocrx_word' id='word_1_530' title='bbox 1478 4689 1512 4750; x_wconf 90' lang='lat' dir='ltr'>in</span> <span class='ocrx_word' id='word_1_531' title='bbox 1533 4684 1638 4773; x_wconf 79' lang='lat' dir='ltr'>Soph.</span> <span class='ocrx_word' id='word_1_532' title='bbox 1656 4686 1767 4771; x_wconf 81' lang='lat' dir='ltr'>Antig.</span> <span class='ocrx_word' id='word_1_533' title='bbox 1789 4688 1859 4769; x_wconf 83' lang='lat'>449,</span> <span class='ocrx_word' id='word_1_534' title='bbox 1876 4688 1948 4768; x_wconf 88' lang='grc'><strong>481,</strong></span> <span class='ocrx_word' id='word_1_535' title='bbox 1963 4689 2028 4755; x_wconf 80' lang='grc'>663</span> 
     </span>
     <span class='ocr_line' id='line_1_41' title="bbox 236 4792 2026 4882; baseline 0.001 -24"><span class='ocrx_word' id='word_1_536' title='bbox 236 4793 327 4878; x_wconf 82' lang='grc'><strong>(667)</strong></span> <span class='ocrx_word' id='word_1_537' title='bbox 349 4793 513 4857; x_wconf 86' lang='lat' dir='ltr'>inventum</span> <span class='ocrx_word' id='word_1_538' title='bbox 536 4802 593 4875; x_wconf 88' lang='lat' dir='ltr'>est,</span> <span class='ocrx_word' id='word_1_539' title='bbox 615 4792 729 4879; x_wconf 92' lang='lat' dir='ltr'>quibus</span> <span class='ocrx_word' id='word_1_540' title='bbox 751 4792 827 4857; x_wconf 90' lang='lat' dir='ltr'>locis</span> <span class='ocrx_word' id='word_1_541' title='bbox 849 4795 903 4857; x_wconf 83' lang='lat' dir='ltr'>vix</span> <span class='ocrx_word' id='word_1_542' title='bbox 918 4794 1085 4880; x_wconf 89' lang='lat' dir='ltr'>quiequam</span> <span class='ocrx_word' id='word_1_543' title='bbox 1103 4795 1216 4859; x_wconf 88' lang='lat' dir='ltr'>mutari</span> <span class='ocrx_word' id='word_1_544' title='bbox 1236 4804 1351 4882; x_wconf 87' lang='lat' dir='ltr'>potest.</span> <span class='ocrx_word' id='word_1_545' title='bbox 1385 4794 1534 4881; x_wconf 89' lang='lat' dir='ltr'>Denique</span> <span class='ocrx_word' id='word_1_546' title='bbox 1555 4796 1722 4859; x_wconf 89' lang='lat' dir='ltr'>memorari</span> <span class='ocrx_word' id='word_1_547' title='bbox 1737 4795 1857 4877; x_wconf 82' lang='lat' dir='ltr'>attinet,</span> <span class='ocrx_word' id='word_1_548' title='bbox 1872 4795 2026 4860; x_wconf 85' lang='lat' dir='ltr'>Aeschini</span> 
     </span>
     <span class='ocr_line' id='line_1_42' title="bbox 234 4887 2025 4990; baseline 0.003 -26"><span class='ocrx_word' id='word_1_549' title='bbox 234 4923 297 4965; x_wconf 92' lang='lat' dir='ltr'>non</span> <span class='ocrx_word' id='word_1_550' title='bbox 320 4900 415 4965; x_wconf 93' lang='lat' dir='ltr'>modo</span> <span class='ocrx_word' id='word_1_551' title='bbox 438 4896 634 4984; x_wconf 78' lang='grc' dir='ltr'><strong><em>ὑπερπηδᾶν</em></strong></span> <span class='ocrx_word' id='word_1_552' title='bbox 656 4893 706 4964; x_wconf 84' lang='grc' dir='ltr'>τόν</span> <span class='ocrx_word' id='word_1_553' title='bbox 726 4887 820 4977; x_wconf 90' lang='grc' dir='ltr'><strong><em>νόμον</em></strong></span> <span class='ocrx_word' id='word_1_554' title='bbox 840 4901 872 4963; x_wconf 90' lang='lat' dir='ltr'>in</span> <span class='ocrx_word' id='word_1_555' title='bbox 896 4899 1014 4964; x_wconf 87' lang='lat' dir='ltr'>deliciis</span> <span class='ocrx_word' id='word_1_556' title='bbox 1036 4900 1144 4981; x_wconf 87' lang='lat' dir='ltr'>fuisse,</span> <span class='ocrx_word' id='word_1_557' title='bbox 1167 4901 1207 4965; x_wconf 84' lang='lat' dir='ltr'>cs.</span> <span class='ocrx_word' id='word_1_558' title='bbox 1230 4899 1283 4965; x_wconf 87' lang='lat'>111</span> <span class='ocrx_word' id='word_1_559' title='bbox 1306 4902 1353 4982; x_wconf 92' lang='grc'><strong>12,</strong></span> <span class='ocrx_word' id='word_1_560' title='bbox 1375 4902 1446 4982; x_wconf 91' lang='grc'><strong>200,</strong></span> <span class='ocrx_word' id='word_1_561' title='bbox 1468 4902 1540 4983; x_wconf 92' lang='grc'><strong>202,</strong></span> <span class='ocrx_word' id='word_1_562' title='bbox 1562 4902 1658 4966; x_wconf 90' lang='lat' dir='ltr'>semel</span> <span class='ocrx_word' id='word_1_563' title='bbox 1681 4903 1766 4990; x_wconf 90' lang='lat' dir='ltr'>apud</span> <span class='ocrx_word' id='word_1_564' title='bbox 1787 4903 1881 4968; x_wconf 84' lang='lat' dir='ltr'>Dem.</span> <span class='ocrx_word' id='word_1_565' title='bbox 1903 4901 2025 4969; x_wconf 79' lang='lat' dir='ltr'>xxm</span> 
     </span>
     <span class='ocr_line' id='line_1_43' title="bbox 234 5000 2030 5097; baseline 0.003 -26"><span class='ocrx_word' id='word_1_566' title='bbox 234 5008 283 5088; x_wconf 82' lang='grc'>73,</span> <span class='ocrx_word' id='word_1_567' title='bbox 306 5006 362 5072; x_wconf 92' lang='lat' dir='ltr'>sed</span> <span class='ocrx_word' id='word_1_568' title='bbox 386 5010 498 5088; x_wconf 85' lang='lat' dir='ltr'>etiam,</span> <span class='ocrx_word' id='word_1_569' title='bbox 530 5009 557 5071; x_wconf 90' lang='lat' dir='ltr'>si</span> <span class='ocrx_word' id='word_1_570' title='bbox 584 5029 651 5092; x_wconf 81' lang='lat' dir='ltr'>qua</span> <span class='ocrx_word' id='word_1_571' title='bbox 677 5004 821 5070; x_wconf 82' lang='lat' dir='ltr'>codicum</span> <span class='ocrx_word' id='word_1_572' title='bbox 849 5005 932 5070; x_wconf 84' lang='lat' dir='ltr'>tides</span> <span class='ocrx_word' id='word_1_573' title='bbox 952 5017 1009 5087; x_wconf 81' lang='lat' dir='ltr'>est,</span> <span class='ocrx_word' id='word_1_574' title='bbox 1033 5029 1146 5071; x_wconf 88' lang='lat' dir='ltr'>ausum</span> <span class='ocrx_word' id='word_1_575' title='bbox 1167 5029 1237 5072; x_wconf 86' lang='lat' dir='ltr'>esse</span> <span class='ocrx_word' id='word_1_576' title='bbox 1258 5007 1310 5072; x_wconf 90' lang='lat' dir='ltr'>III</span> <span class='ocrx_word' id='word_1_577' title='bbox 1335 5009 1394 5073; x_wconf 91' lang='grc'><strong>192</strong></span> <span class='ocrx_word' id='word_1_578' title='bbox 1415 5032 1423 5072; x_wconf 92' lang='lat'><strong>:</strong></span> <span class='ocrx_word' id='word_1_579' title='bbox 1445 5004 1612 5092; x_wconf 73' lang='grc' dir='ltr'><strong><em>ἡλίσκοντο</em></strong></span> <span class='ocrx_word' id='word_1_580' title='bbox 1634 5006 1668 5075; x_wconf 76' lang='grc' dir='ltr'><strong><em>ολ</em></strong></span> <span class='ocrx_word' id='word_1_581' title='bbox 1686 5006 1729 5074; x_wconf 83' lang='grc' dir='ltr'>τοὶ</span> <span class='ocrx_word' id='word_1_582' title='bbox 1748 5000 1922 5097; x_wconf 85' lang='grc' dir='ltr'><strong><em>παράνομα</em></strong></span> <span class='ocrx_word' id='word_1_583' title='bbox 1942 5003 2030 5097; x_wconf 54' lang='lat' dir='ltr'>nicta</span> 
     </span>
     <span class='ocr_line' id='line_1_44' title="bbox 234 5104 2025 5202; baseline 0.003 -22"><span class='ocrx_word' id='word_1_584' title='bbox 234 5137 353 5202; x_wconf 85' lang='grc' dir='ltr'><strong><em>φοντες</em></strong></span> <span class='ocrx_word' id='word_1_585' title='bbox 373 5107 434 5180; x_wconf 85' lang='grc' dir='ltr'><strong><em>οὑκ</em></strong></span> <span class='ocrx_word' id='word_1_586' title='bbox 455 5112 486 5180; x_wconf 85' lang='grc' dir='ltr'>εί</span> <span class='ocrx_word' id='word_1_587' title='bbox 506 5106 630 5189; x_wconf 79' lang='grc' dir='ltr'><strong><em>πάντας</em></strong></span> <span class='ocrx_word' id='word_1_588' title='bbox 656 5104 926 5199; x_wconf 71' lang='grc' dir='ltr'><strong><em>παραπηδήσειαν</em></strong></span> <span class='ocrx_word' id='word_1_589' title='bbox 951 5108 1027 5191; x_wconf 83' lang='grc' dir='ltr'>τοὺς</span> <span class='ocrx_word' id='word_1_590' title='bbox 1054 5106 1171 5194; x_wconf 86' lang='grc' dir='ltr'><strong><em>νόμους</em></strong></span> <span class='ocrx_word' id='word_1_591' title='bbox 1195 5110 1265 5179; x_wconf 82' lang='grc' dir='ltr'><strong><em>ἀλλ’</em></strong></span> <span class='ocrx_word' id='word_1_592' title='bbox 1294 5111 1326 5181; x_wconf 87' lang='grc' dir='ltr'>εἰ</span> <span class='ocrx_word' id='word_1_593' title='bbox 1351 5115 1432 5199; x_wconf 89' lang='grc' dir='ltr'><strong><em>μίαν</em></strong></span> <span class='ocrx_word' id='word_1_594' title='bbox 1457 5107 1554 5197; x_wconf 92' lang='grc' dir='ltr'><strong><em>μόνον</em></strong></span> <span class='ocrx_word' id='word_1_595' title='bbox 1583 5113 1744 5202; x_wconf 75' lang='grc' dir='ltr'><strong><em>συλλαβήν</em></strong></span> <span class='ocrx_word' id='word_1_596' title='bbox 1770 5110 2025 5202; x_wconf 79' lang='grc' dir='ltr'><strong><em>παραλλάξειαν.</em></strong></span> 
     </span>
     <span class='ocr_line' id='line_1_45' title="bbox 233 5216 2022 5309; baseline 0.004 -24"><span class='ocrx_word' id='word_1_597' title='bbox 233 5221 304 5285; x_wconf 86' lang='grc' dir='ltr'>Νεο</span> <span class='ocrx_word' id='word_1_598' title='bbox 325 5245 400 5286; x_wconf 88' lang='lat' dir='ltr'>vero</span> <span class='ocrx_word' id='word_1_599' title='bbox 422 5222 482 5285; x_wconf 95' lang='lat' dir='ltr'>hoe</span> <span class='ocrx_word' id='word_1_600' title='bbox 504 5220 662 5303; x_wconf 85' lang='lat' dir='ltr'>credibile,</span> <span class='ocrx_word' id='word_1_601' title='bbox 685 5220 828 5288; x_wconf 85' lang='lat' dir='ltr'>Graecos</span> <span class='ocrx_word' id='word_1_602' title='bbox 854 5221 996 5286; x_wconf 89' lang='lat' dir='ltr'>homines</span> <span class='ocrx_word' id='word_1_603' title='bbox 1024 5245 1164 5309; x_wconf 88' lang='lat' dir='ltr'>unquam</span> <span class='ocrx_word' id='word_1_604' title='bbox 1195 5223 1311 5288; x_wconf 89' lang='lat' dir='ltr'>dixisse</span> <span class='ocrx_word' id='word_1_605' title='bbox 1341 5223 1544 5309; x_wconf 83' lang='grc' dir='ltr'><strong><em>παραπηδοῖν</em></strong></span> <span class='ocrx_word' id='word_1_606' title='bbox 1572 5218 1647 5300; x_wconf 91' lang='grc' dir='ltr'>τοὺς</span> <span class='ocrx_word' id='word_1_607' title='bbox 1674 5216 1797 5304; x_wconf 79' lang='grc' dir='ltr'><strong><em>νόμους,</em></strong></span> <span class='ocrx_word' id='word_1_608' title='bbox 1839 5224 1925 5292; x_wconf 90' lang='lat' dir='ltr'>Nam</span> <span class='ocrx_word' id='word_1_609' title='bbox 1947 5249 2022 5292; x_wconf 89' lang='lat' dir='ltr'>eon·</span> 
     </span>
    </p>
   </div>
   <div class='ocr_carea' id='block_1_3' title="bbox 0 0 2364 5908">
    <p class='ocr_par' dir='ltr' id='par_1_8' title="bbox 0 0 2364 5908">
     <span class='ocr_line' id='line_1_46' title="bbox 0 0 2364 5908; baseline 0 0"><span class='ocrx_word' id='word_1_610' title='bbox 0 0 2364 5908; x_wconf 95' lang='lat' dir='ltr'> </span> 
     </span>
    </p>
   </div>
  </div>
 </body>
</html>
