4710 5910
1154 379 1191 442 12

381 577 528 643 11115:
559 569 614 643 ε’ἀν
642 598 691 653 τις
718 569 841 663 ήσυλᾷ
868 572 911 642 τά
940 578 998 641 τοῦ
1028 576 1113 641 θεοῦ
1139 568 1310 662 ήσυνειδῇ
1338 599 1368 641 τι
1390 567 1411 661 ἢ
1426 565 1593 663 βουλεύσῃ
1613 599 1654 642 τι.
1708 574 1859 640 Concedo
1881 576 1924 640 ibi
1945 586 2070 663 praeter

281 696 423 749 veterum
452 684 710 748 consuetudinem
738 687 908 772 repetitum
931 706 1001 749 esse
1028 707 1071 749 τι.
1123 686 1170 748 At
1196 685 1344 771 quoniam
1373 679 1457 750 κατά
1480 685 1543 748 τῶν
1568 681 1678 770 ἱερῶν,
1707 683 1793 770 quod
1819 682 2070 748 additamentum

282 813 343 877 ego
366 791 487 878 expuli,
517 791 584 854 sine
604 791 657 855 illo
678 814 710 855 τι
732 793 785 855 vix
808 790 966 876 quomodo
988 790 1066 876 fingi
1088 794 1224 878 potuerit
1245 794 1376 877 cogitari
1398 802 1520 878 potest,
1555 792 1639 856 haud
1660 792 1815 857 absonum
1836 792 1964 857 videtur
1985 792 2071 857 hunc

281 899 384 962 locum
407 900 451 960 sic
473 898 643 962 emendare
666 921 673 960 :
695 888 714 981 ή
736 896 863 983 συνειδῇ
883 921 945 962 τινι
967 889 1168 985 ήβσυλεόση
1186 921 1229 963 τι.

381 1004 415 1069 ΙΙ
439 1006 496 1069 117
520 1028 527 1067 :
549 992 605 1080 οὓς
626 1005 654 1068 δ’
676 999 936 1095 ε’γκαταλείψεις,
959 997 1121 1092 ἀδικήσας
1141 997 1253 1092 χρήσει
1275 1000 1409 1091 ἐχθροῖς
1428 1005 1584 1088 μείζοσιν,
1607 997 1681 1071 ἀλλ’
1700 1001 1739 1070 οό
1759 1006 1883 1092 φίλοις.
1924 1006 1963 1070 Ιο
1983 1006 2070 1071 libris

282 1124 331 1177 est
358 1122 443 1176 certe
472 1104 647 1196 ἀδικήσεις.
689 1112 769 1176 Mihi
790 1112 946 1177 Lobeckii
967 1113 1146 1177 coniectura
1167 1112 1387 1199 amplectende
1407 1113 1575 1179 videbatur
1596 1137 1603 1177 ι
1626 1108 1792 1199 ἀδικήσας.
1847 1113 1919 1192 Qua
1948 1115 2070 1178 ratione

280 1220 494 1284 membrorum
521 1221 765 1285 concinnitatem
793 1231 879 1286 recte
905 1243 989 1284 nune
1018 1223 1124 1304 arguis
1153 1222 1301 1285 violatam
1328 1244 1409 1286 esse.
1467 1222 1539 1287 Hoc
1568 1221 1717 1287 mendum
1744 1222 1905 1287 sublatum
1932 1223 2008 1302 erit,
2044 1221 2072 1285 si

281 1329 444 1414 scripseris
466 1351 473 1390 :
496 1314 552 1402 οὓς
574 1327 602 1391 δ’
626 1324 874 1417 ἐγκαταλείψεις
892 1329 898 1413 Ι
916 1322 964 1404 αἷς
985 1316 1144 1413 ἀδικήσας
1161 1334 1166 1406 1
1185 1320 1299 1412 χρήσει
1320 1322 1454 1414 ἐχθροῖς
1472 1331 1476 1412 Ι
1496 1320 1565 1393 ἀλλ’
1586 1325 1625 1393 ου’
1645 1327 1769 1414 φίλοις.
1821 1328 1872 1393 Ita
1899 1338 2071 1393 nascuntur

281 1445 429 1521 quattuor
456 1435 562 1499 incisa.
618 1434 688 1499 Nec
715 1458 986 1523 supervacaneum
1012 1446 1061 1500 est
1085 1436 1285 1522 participium
1314 1459 1385 1500 cum
1415 1437 1570 1524 opinionis
1600 1439 1727 1501 notione
1757 1438 1970 1502 coniunctum.
2021 1435 2070 1499 Re

280 1565 357 1607 vera
379 1544 462 1607 enim
484 1545 510 1607 si
525 1542 750 1608 Thebanorum
773 1566 861 1608 arma
881 1567 901 1607 a
916 1542 1065 1631 Philippo
1087 1542 1285 1628 adiuventur,
1306 1544 1453 1608 iniuriam
1475 1543 1533 1608 sibi
1556 1544 1685 1608 inlatam
1707 1543 1958 1608 Atheniensibus
1980 1544 2070 1629 queri

280 1651 446 1715 nonlicet.
489 1651 535 1714 At
556 1661 666 1714 contra
687 1652 931 1716 concinnitatem
955 1652 1105 1715 orationis
1127 1652 1333 1715 vehementer
1353 1651 1494 1715 turbavit
1514 1651 1706 1715 adiectivum
1727 1650 1884 1732 μείζοσιν.

379 1758 526 1823 11126:
553 1750 621 1842 ἀγω
649 1758 686 1822 δὲ
713 1759 767 1823 καί
797 1748 874 1835 roric
902 1755 1029 1835 οἰκέτας
1055 1760 1107 1825 καί
1139 1757 1357 1844 παραδίδωμι
1384 1755 1433 1834 εἰς
1458 1753 1618 1839 βάσανον·
1649 1753 1705 1823 καί
1730 1754 1784 1824 τόν
1813 1759 1872 1840 μὲν
1900 1749 2010 1843 λόγον,
2041 1752 2072 1822 εί

281 1858 481 1952 συγχωρήσει
503 1862 532 1953 [ό
552 1859 748 1954 κατήγοροςή,
770 1859 950 1932 καταλύσω.
992 1865 1128 1930 Praeter
1148 1867 1209 1948 illa,
1232 1889 1314 1953 quae
1336 1868 1467 1953 egregie
1487 1890 1507 1931 a
1524 1865 1573 1930 Te
1595 1866 1762 1932 emendata
1782 1865 1962 1954 recipienda
1984 1864 2068 1947 duxi,

281 1973 371 2037 simul
398 1975 588 2060 proposuisti
617 1966 858 2060 συγχωρήσεται
887 1965 1116 2058 όκατήγορος,
1148 1975 1222 2060 quia
1242 1973 1456 2038 Athenienses
1479 1969 1749 2062 συγχωρήσομαι,
1782 1997 1845 2038 non
1875 1964 2069 2058 συγχωρήσω

281 2080 426 2145 dixerint.
469 2081 520 2146 lta
540 2104 616 2146 vero
639 2092 696 2144 est.
740 2079 826 2158 Quid
847 2090 954 2145 autem
977 2083 1003 2144 si
1023 2081 1181 2166 fingamus
1197 2080 1390 2145 Aeschinem
1411 2082 1585 2145 orationem
1608 2081 1649 2145 ad
1670 2083 1861 2146 accusatoris
1884 2090 2070 2166 suggestum

280 2188 502 2253 convertisse?
544 2188 629 2253 Tum
652 2189 755 2253 subito
777 2189 919 2253 futurum
941 2188 1155 2254 additamento
1177 2189 1275 2254 eiecto
1297 2189 1455 2274 integrum
1477 2189 1609 2253 evadet!

378 2296 414 2361 Π
438 2297 497 2362 136
519 2320 526 2360 :
549 2292 621 2362 ἀλλ’
644 2287 738 2371 οὗτος
757 2286 855 2377 μόνος
874 2290 911 2360 τό
931 2291 1172 2382 συμβησόμενον
1192 2288 1315 2383 η’γνόει,
1347 2292 1438 2378 ὑμεῖς
1459 2296 1488 2360 δ’
1511 2286 1607 2362 αάτοί
1628 2295 1770 2382 δημοσία
1792 2301 1866 2371 παῖς
1886 2295 2070 2380 διόκεισθες

280 2402 353 2488 Ego
373 2413 428 2467 aut
449 2404 579 2488 egregie
600 2403 710 2482 fallor,
733 2414 789 2466 aut
810 2402 947 2467 scribere
969 2402 1062 2468 debui
1083 2398 1143 2466 οάκ
1164 2393 1276 2488 ήγνόει.
1327 2403 1412 2468 Nam
1433 2403 1646 2468 Athenienses
1668 2403 1771 2467 cuncti
1794 2413 1826 2466 et
1847 2425 1928 2466 unus
1950 2402 2070 2467 Demo-

280 2511 408 2575 sthenes
430 2511 513 2575 inter
535 2533 570 2575 se
592 2520 803 2598 opponuntur.
846 2509 897 2574 Illi
919 2520 1026 2575 autem
1048 2532 1166 2593 omnes,
1190 2511 1290 2598 quahs
1312 2533 1422 2576 rerum
1443 2520 1577 2576 eventus
1597 2511 1722 2574 futurus
1746 2519 1847 2589 esset,
1870 2509 2070 2594 ignorabant

280 2618 512 2682 Demosthenes
534 2617 683 2683 videlicet
703 2640 784 2682 unus
806 2640 869 2682 non
891 2617 1073 2704 ignorabat,
1096 2618 1153 2682 sed
1171 2619 1276 2683 omnia
1298 2639 1379 2705 quae
1399 2628 1511 2705 postea
1531 2639 1565 2682 re
1586 2618 1671 2682 facta
1692 2626 1773 2697 sunt,
1796 2616 1927 2680 consilio
1949 2626 1981 2681 et
2001 2638 2071 2681 ora·

280 2728 366 2791 tione
388 2724 580 2813 providerat.
623 2726 718 2791 Hanc
738 2728 841 2812 ipsam
864 2727 1050 2813 sapientiam
1071 2725 1185 2791 inludit
1199 2727 1385 2792 Aeschines.
1428 2724 1600 2791 Praeterea
1621 2723 1850 2789 contrariorum
1871 2723 2072 2789 vehementia

281 2855 388 2898 carere
410 2855 475 2897 non
497 2843 603 2919 potest
623 2832 848 2920 particularum
868 2833 928 2913 μὲν
943 2833 1031 2898 -δὲ
1052 2835 1259 2921 oppositione.
1296 2831 1387 2912 Quae
1409 2856 1480 2898 cum
1501 2835 1546 2897 ita
1566 2835 1638 2916 sint,
1660 2853 1722 2917 ego
1744 2853 1925 2918 proponere
1946 2829 2069 2895 audeo:

281 2930 350 3005 ἀλλ’
372 2932 466 3015 οὗτος
494 2939 553 3022 μὲν
579 2935 618 3005 od
644 2936 683 3007 τό
710 2933 950 3028 συμβησόμενον
979 2933 1082 3027 ἠγνόει
1102 2942 1167 3007 κτλ.
1222 2942 1352 3007 Etenim
1373 2935 1471 3023 μόνος
1490 2940 1604 3005 falsum
1626 2960 1697 3004 esse
1719 2938 1823 3003 elucet
1844 2959 1884 3003 ex
1906 2937 2070 3025 oppositae

279 3047 535 3133 interrogationis
557 3050 744 3135 pronomine
767 3045 872 3115 αότοί.
905 3050 1015 3136 Atque
1035 3049 1094 3131 μὲν
1115 3061 1147 3115 et
1166 3041 1263 3130 μόνον
1284 3052 1458 3138 scriptiuae
1480 3046 1683 3113 similitudine
1704 3055 1885 3135 permutata
1905 3046 1973 3132 ipse
1995 3045 2071 3111 olim

280 3154 518 3241 deprehendisti
538 3155 555 3219 Ι
576 3156 617 3222 36
638 3179 646 3220 :
669 3155 761 3222 καλοί
782 3156 842 3238 μὲν
861 3149 970 3243 κόρισι
991 3158 1020 3221 δ’
1040 3151 1154 3240 οόκέιι,
1176 3158 1229 3223 ubi
1252 3160 1285 3223 in
1307 3158 1396 3222 libris
1416 3179 1510 3221 mser.
1532 3164 1634 3220 exstat
1655 3179 1663 3219 :
1685 3146 1779 3220 καλοί
1798 3145 1899 3236 μόνον,

378 3261 414 3327 Π
431 3264 487 3328 131
504 3286 511 3327 :
535 3262 731 3330 Cunctanter
744 3288 888 3353 propono
910 3265 991 3330 hanc
1005 3266 1160 3330 leniorem
1175 3265 1332 3330 medelam
1347 3288 1355 3328 ι
1376 3259 1418 3328 voi
1439 3264 1467 3329 δ’
1481 3260 1516 3328 ἐν
1530 3267 1679 3327 Φωκεῦσι
1700 3253 1871 3348 διεφθάρη
1891 3254 2071 3343 πράγματα

280 3370 491 3456 πρῶτονμὲν
511 3377 551 3459 τῇ
570 3363 667 3459 τόχη,
690 3361 709 3455 ἢ
729 3361 857 3437 πόντων
879 3370 947 3438 ἐστί
968 3370 1081 3457 κυρία,
1102 3366 1218 3438 ἔπειτα
1240 3367 1298 3438 διά
1317 3368 1355 3436 τό
1373 3373 1477 3457 μῆκος
1496 3370 1557 3436 τοῦ
1577 3364 1702 3458 χρόνον.
1744 3369 1828 3433 Νεω
1851 3367 1937 3454 quod
1958 3367 2070 3432 decen·

280 3479 359 3543 nalis
386 3479 459 3544 belli
487 3480 653 3544 molestam
684 3479 846 3543 removisti
875 3482 1197 3545 conmemorationem
1226 3479 1278 3544 vel
1299 3479 1403 3565 potius
1426 3479 1668 3566 explicationem
1690 3475 1732 3540 ad
1753 3476 1904 3562 temporis
1926 3473 2071 3539 notitiam

279 3585 444 3668 adiectam,
465 3608 526 3672 ego
548 3586 659 3651 lubens
681 3587 783 3650 laetus
805 3586 913 3672 probo.

377 3692 413 3757 Π
436 3695 495 3759 145
515 3717 522 3756 :
544 3681 582 3758 eri
604 3692 633 3758 d’
653 3684 734 3774 ίστε,
757 3686 806 3758 ότι
828 3691 983 3759 πλεῖστον
1004 3689 1156 3781 διαφέρει
1176 3685 1266 3778 φήμη
1286 3690 1339 3757 καλ
1362 3692 1576 3779 συκοφαντία,
1598 3684 1688 3778 φήμη
1707 3688 1766 3772 μὲν
1786 3685 1849 3775 γάρ
1869 3683 1908 3753 οδ
1928 3692 2072 3754 κοινωνεῖ

280 3799 434 3887 διαβολῇ,
466 3797 605 3886 διαβολή
633 3799 660 3865 δ’
682 3794 829 3884 ἀδελφόν
858 3799 927 3866 ἐστι
957 3802 1012 3867 καί
1042 3799 1252 3887 συκοφαντία.
1302 3800 1500 3886 Proposuisti
1530 3799 1581 3864 Tu
1612 3801 1725 3864 iterum
1756 3796 1841 3885 quod
1872 3795 2072 3861 Herwerden

282 3910 460 3972 coniecerat
481 3930 488 3971 :
512 3904 651 3991 διαβολή
673 3907 702 3972 δ’
724 3899 865 3994 ἀδελφόν
886 3906 953 3974 ἐστι
977 3906 1187 3996 συκοφαντίᾳ.
1241 3908 1315 3995 Ego
1336 3929 1412 3973 vero
1434 3909 1466 3972 in
1488 3908 1661 3995 archetypo
1683 3907 1763 3971 libro
1797 3907 1949 3990 scriptum
1969 3905 2069 3968 fuisse

478 4015 618 4111 διαβολή
746 4023 946 4109 συκοφαντία
1844 4018 2044 4104 συκοφαντία

281 4117 424 4181 existimo
440 4139 448 4179 :
471 4111 669 4200 συκοφαντία
684 4112 721 4181 di
735 4106 879 4201 ἀδελφόν
893 4114 973 4183 ἐστι.
1014 4116 1097 4182 Inde
1112 4126 1221 4182 natum
1236 4139 1307 4182 esse
1320 4118 1388 4181 veri
1403 4116 1504 4181 simile
1519 4126 1590 4179 est:
1613 4107 1750 4197 διαβολή
1770 4111 1807 4178 δὲ
1829 4102 1972 4195 ἀδελφόν
1985 4108 2068 4175 ἐστι.

281 4231 353 4312 Quo
374 4233 459 4297 facto
481 4234 681 4319 trascriptum
703 4242 735 4296 et
756 4243 931 4298 correctum
953 4243 1001 4298 est
1023 4256 1030 4297 :
1057 4229 1194 4319 διαβολή
1215 4232 1254 4298 δε
1275 4222 1420 4317 ἀδελφόν
1440 4231 1511 4298 ἐστι
1532 4230 1584 4296 καί
1609 4227 1820 4314 συκοφαντία.
1863 4225 1972 4306 Quare
1994 4229 2069 4291 scri·
2176 4298 2177 4301 Ἴ

278 4339 419 4405 bendum
448 4340 605 4404 videtur:
638 4340 837 4425 συκοφαντία
868 4338 906 4406 δὲ
937 4333 1081 4427 ἀδελφόν
1110 4336 1189 4408 ἐστι.
1247 4341 1342 4406 Hanc
1371 4362 1467 4404 unam
1500 4342 1613 4426 opinor
1643 4337 1812 4402 lectionem
1846 4335 2070 4399 convenienter

280 4470 466 4535 expressam
494 4467 564 4511 esse
594 4447 634 4511 ad
656 4447 858 4534 partitionem
879 4448 964 4513 illam
986 4472 1081 4535 quam
1104 4472 1200 4537 supra
1220 4448 1395 4514 Aeschines
1417 4447 1581 4534 proposuit
1600 4469 1607 4510 ι
1629 4444 1783 4510 πλεῖστον
1804 4443 1958 4530 διαφέρει
1978 4433 2070 4529 φήμη

279 4554 334 4622 καί
361 4554 571 4639 συκοφαντία.
622 4552 797 4640 Utriusque
826 4556 912 4619 enim
932 4558 1069 4623 notionis
1092 4555 1233 4622 definitio
1255 4554 1476 4638 denuntiatur3
1508 4553 1599 4617 huius
1620 4562 1727 4619 autem
1749 4549 1974 4615 adminiculum
1996 4571 2068 4613 con-

279 4685 373 4727 mune
396 4652 561 4750 (διαβολή)
590 4662 785 4726 extrinsecus
805 4659 1011 4728 adsumitur:
1042 4664 1113 4729 ideo
1143 4685 1299 4750 nusquam
1328 4663 1389 4726 nisi
1418 4663 1452 4725 in
1473 4660 1579 4724 medio
1599 4660 1675 4748 poni
1696 4660 1808 4745 potuit.
1860 4657 2070 4743 Eandemque

279 4769 453 4835 disserendi
473 4772 628 4835 rationem
649 4769 681 4833 in
705 4767 798 4831 simili
819 4790 918 4834 causa
938 4771 1119 4837 observavit
1139 4771 1233 4836 Dem.
1255 4768 1359 4835 XXII
1380 4769 1421 4833 22
1443 4791 1451 4832 :
1480 4757 1639 4849 πάμπολυ
1661 4762 1811 4849 λοιδορία
1835 4785 1872 4829 τε
1902 4763 1954 4829 καί
1978 4758 2069 4829 αίτία

278 4878 513 4964 κεχωρισμένον
526 4872 613 4945 ἐστίν
627 4874 777 4958 ἐλέγχου·
799 4870 891 4942 οίτία
910 4875 970 4957 μίν
989 4868 1050 4965 γάρ
1072 4877 1168 4963 ἐστιν,
1189 4873 1264 4946 ὅταν
1283 4900 1334 4954 τις
1354 4876 1449 4966 ψιλῷ
1469 4866 1668 4969 χρησόμενος
1687 4861 1773 4957 λόγῳ
1792 4864 1839 4957 μή
1859 4861 2070 4955 παράσχηται

279 4983 389 5051 πίστιν
410 4976 453 5050 ὧν
474 4983 570 5070 λέγει,
593 4979 724 5068 ἔλεγχος
746 4982 794 5062 dl,
815 4975 891 5048 όταν
910 4971 953 5049 ὧν
973 4978 1011 5051 όίν
1031 4977 1110 5076 είπη
1129 5010 1181 5063 τις
1201 4988 1256 5054 καί
1275 4983 1422 5072 τάληθὲς
1442 4977 1525 5063 όμοῦ
1546 4981 1649 5068 δείξη.

378 5092 413 5158 Π
436 5093 516 5158 148:
539 5086 583 5158 σό
604 5091 632 5156 δ’
653 5087 672 5157 ό
692 5083 908 5179 ἀμφισβητῶν
928 5088 1009 5181 ἀνήρ
1030 5085 1123 5177 εἶναι,
1142 5090 1182 5159 ου’
1202 5091 1265 5182 γάρ
1286 5086 1325 5159 όίν
1344 5083 1542 5176 τολμήσαιμι
1563 5084 1669 5153 εἰπεῖν
1691 5081 1746 5173 [ἀς
1758 5076 1838 5170 ἀνήρ
1852 5075 1906 5172 all,
1924 5075 2070 5169 ἐγράφης

280 5197 479 5281 λιποταξίου.
534 5200 651 5266 Miram
678 5201 771 5265 istam
799 5202 1020 5290 loquacitatem
1049 5203 1226 5267 removebit
1246 5202 1417 5267 auctoritas
1439 5196 1582 5262 codicum
1601 5195 1663 5275 Af,
1691 5195 1724 5259 in
1753 5193 1867 5280 quibus
1897 5191 2009 5255 saltem
2037 5181 2070 5256 εί
