4710 5910
1216 376 1252 437 14

369 627 373 636 .
441 573 553 653 §532
582 568 614 637 οἱ
633 570 692 650 μὲν
711 569 815 637 τοίνυν
836 575 972 650 Φωκεῖς,
992 568 1040 646 uic
1059 568 1101 636 τά
1124 575 1203 656 παρ’
1223 566 1314 650 ὁμοῖν
1335 561 1502 638 ἐπείθοντο
1523 572 1557 640 ἐκ
1579 581 1636 660 τῆς
1657 574 1826 662 ἐκκλησίας
1857 572 1920 663 [καί
1942 571 1980 642 τά
2000 599 2036 642 τε
2056 571 2131 665 ψή-

340 698 451 760 φισμα
478 678 564 741 ταῦτ’
585 672 703 759 ἔλαβον
730 673 768 742 τδ
794 682 853 742 τοῦ
874 671 1096 761 Φιλοκράτους
1116 677 1169 742 καί
1191 673 1249 764 την
1269 673 1467 764 ἀπαγγελίαν
1489 673 1652 747 ἐπίθοντο
1672 678 1729 767 τήν
1748 676 1861 747 τοίτου
1881 685 1935 748 καί
1956 681 2017 761 τάς
2040 681 2129 750 ὑπσ-

341 782 500 873 entered,
532 779 614 850 κατά
635 774 758 860 πάντας
778 781 855 860 τσδς
871 777 1016 868 τράπσυς
1036 781 1215 852 άπώλοντο.
1260 787 1492 853 Demosthenes
1513 790 1608 854 credo
1631 799 1696 856 tam
1719 790 1822 855 infans
1845 802 1929 871 erat,
1960 802 1996 856 ut
2024 815 2128 879 neque

342 893 513 960 rotundam
536 895 724 959 sententiam
746 893 934 957 concludere
956 916 1016 958 nec
1038 896 1215 959 orationem
1238 895 1332 959 variis
1354 896 1459 960 verbis
1480 897 1651 961 inlustrare
1672 908 1791 985 posset,
1813 897 1869 962 sed
1892 899 1974 962 idem
1996 901 2130 966 verbum

341 1001 541 1088 eandemque
563 999 706 1064 eiusdem
728 1001 882 1087 temporie
903 999 1037 1064 formam
1059 1012 1204 1087 repetere
1226 1005 1411 1087 cogeretur!

442 1126 554 1208 561:
586 1120 635 1190 ἔτι
655 1123 759 1189 τοίνυν
790 1120 828 1189 τδ
858 1124 1021 1209 μηδεμίαν
1050 1131 1115 1190 ταῖν
1147 1118 1275 1190 πόλεων
1308 1123 1383 1212 [ταῖν
1404 1121 1437 1190 ἐν
1457 1127 1619 1216 Φωκεῦσι]
1650 1124 1773 1193 άλώναι
1803 1127 1979 1214 πολιορκίᾳ
1999 1127 2073 1214 μηδ’
2095 1127 2129 1195 ἐκ

341 1232 528 1321 προσβολῆς
541 1227 637 1320 [κατά
652 1223 801 1322 κράτσς].”
831 1233 881 1295 De
896 1232 1113 1297 Phoceasibus
1135 1235 1211 1319 ipsis
1233 1231 1357 1298 dixerat
1374 1235 1615 1301 Demosthenes.
1651 1235 1724 1314 Quo
1744 1237 1843 1322 igitir
1863 1237 1998 1301 neminie
2020 1259 2129 1301 eorum

339 1342 559 1427 repetitionem
586 1340 705 1404 iactam
726 1361 797 1404 esse
825 1339 1034 1427 putabimus?
1076 1339 1165 1404 Idem
1192 1341 1304 1405 vitium
1332 1343 1444 1424 5325,
1467 1345 1538 1428 316,
1559 1344 1630 1425 307,
1652 1344 1714 1410 286
1743 1344 1900 1409 sublatum
1922 1366 1992 1409 esse
2024 1343 2128 1408 video.

340 1446 488 1512 Pertinet
497 1432 563 1512 hue
579 1449 673 1512 etiam
686 1448 749 1512 286
764 1469 771 1510 :
794 1445 865 1528 λέγε
882 1440 921 1531 δὴ
938 1468 993 1528 μοι
1008 1445 1045 1512 τδ
1061 1438 1220 1534 ψήφισμα
1235 1445 1346 1531 λαβών
1360 1441 1441 1515 αάτδ
1462 1446 1510 1538 [τά
1522 1453 1582 1516 τοῦ
1599 1447 1791 1540 Τιμάρχου].
1828 1451 1925 1516 Hune
1945 1454 1978 1515 in
1999 1453 2129 1516 modum

339 1553 576 1620 emendaverim
599 1554 673 1618 Din.
696 1553 805 1619 179:
838 1553 909 1638 λέγε
930 1549 969 1640 δη
988 1548 1027 1620 τδ
1047 1551 1143 1619 καλδν
1164 1546 1323 1641 ψήφισμα
1344 1552 1494 1648 [miscel
1525 1558 1601 1623 ibid.
1622 1561 1664 1625 92
1685 1583 1693 1623 :
1715 1554 1794 1624 ου’δέ
1815 1555 2032 1644 προσδεκτέον
2051 1556 2130 1636 ταδς

338 1662 470 1739 οῖντους
499 1653 554 1728 καί
580 1659 660 1739 roric
687 1657 911 1746 φενακισμοῖς
941 1656 1098 1753 [τοάτσσ]·
1131 1660 1239 1750 ίκανην
1258 1660 1320 1751 γάρ
1341 1658 1497 1752 εἰλήφατε
1518 1670 1639 1750 πεῖραν
1659 1662 1759 1732 αὐτοῦ
1779 1668 1833 1733 καί
1854 1668 1918 1731 ταῖν
1940 1661 2042 1751 λόγων
2064 1664 2129 1753 [καί

338 1768 401 1835 τῶν
422 1766 533 1859 ἔργων]
557 1761 613 1835 καί
631 1776 689 1855 τῆς
708 1761 817 1857 τάγης,
840 1773 879 1836 σί.
903 1770 1047 1836 codicum
1068 1773 1286 1837 variationem.

441 1888 551 1968 §56²
579 1888 654 1963 παῖς
680 1882 742 1971 γάρ
771 1883 830 1951 σδκ
858 1879 1008 1971 αἰσχρόν,
1038 1881 1113 1964 τοῖς
1140 1883 1321 1966 σεσωκότας
1348 1886 1434 1973 ἡμᾶς
1460 1882 1533 1956 τότε
1564 1887 1641 1979 [καί]
1671 1887 1727 1977 τὴν
1753 1883 1921 1970 σώζουσαν
1941 1888 2018 1973 περί
2040 1884 2130 1973 ἦμαῖν

340 1999 454 2084 ψῆφον
479 1993 654 2076 θεμένους,
682 1987 813 2069 τοδτους
841 1998 908 2060 τιδν
938 1989 1089 2060 ἐκοπίων
1123 1998 1329 2083 τετυχηκέναι
1357 1994 1416 2062 διά
1445 1991 1588 2073 τούτους.
1644 1996 1734 2062 Nihil
1763 1999 1823 2061 hoo
1851 1999 1929 2061 vitio
1958 1997 2128 2082 vulgarius.

338 2100 522 2168 Phocenses
552 2102 705 2186 suffragio
738 2103 866 2167 solumi
898 2104 962 2167 lato
996 2103 1237 2170 Atheniensium
1270 2107 1459 2171 exstiterunt
1490 2116 1740 2170 conservatores.
1791 2104 1861 2168 Hoc
1892 2105 1991 2168 voluit
2024 2103 2129 2168 dicere

338 2209 584 2290 Demosthenes,
604 2208 636 2273 id
651 2209 738 2295 quod
754 2231 794 2274 cx
813 2212 930 2275 amiato
951 2219 1093 2298 tempore
1111 2213 1260 2298 perfectis
1278 2214 1419 2278 subiecto
1435 2212 1527 2277 facile
1546 2212 1747 2297 intellegitur.
1777 2207 1827 2276 Of.
1840 2210 1956 2274 Aesch.
1968 2209 1986 2274 l
1997 2211 2046 2274 47.
2060 2211 2129 2276 175.

439 2335 459 2416 5
481 2335 521 2399 78
544 2355 551 2396 :
579 2327 641 2419 ἤδη
662 2325 790 2420 εἰρήνης
809 2334 973 2419 γεγονυίας
994 2384 1024 2400 ..
1051 2334 1210 2420 τέτταρας
1234 2342 1335 2423 μῆνας
1364 2327 1461 2412 ὅλους
1480 2328 1639 2417 ἐσώζοντο
1667 2334 1701 2400 ολ
1723 2339 1848 2410 Φωκεῖς
1870 2330 1958 2423 [roric
1980 2325 2129 2423 άστερσν],

336 2434 358 2528 η’
380 2438 418 2506 δέ
438 2436 553 2506 τούτου
574 2438 775 2528 ψευδολογία
792 2437 878 2522 μετά
898 2446 998 2507 ταῦθ’
1021 2435 1154 2528 ὕστερον
1175 2434 1294 2520 αδτοδς
1315 2435 1488 2509 άπώλεσεν.
1525 2443 1654 2522 Quanto
1678 2443 1783 2507 differt
1801 2442 1864 2507 hoc
1880 2442 2129 2508 additamentum

338 2570 358 2613 a
378 2551 398 2629 ξ
424 2547 491 2630 177,
515 2549 568 2612 ubi
590 2549 623 2612 in
644 2548 750 2613 multis
772 2546 859 2613 libris
881 2559 985 2614 exstat
1006 2573 1014 2613 :
1035 2546 1118 2626 σίοις
1137 2549 1198 2630 μέν
1217 2552 1321 2617 τοίνυν
1341 2557 1450 2627 κακοῖς
1470 2553 1524 2619 καί
1547 2543 1716 2638 πράγμασι
1739 2546 1843 2640 [κατά]
1865 2545 1919 2635 τὴν
1941 2542 2130 2636 άποδημίσν

337 2658 451 2722 πάσαν
472 2647 691 2742 συνειχόμηνλ

438 2777 458 2855 ξ
480 2773 522 2839 83
544 2796 552 2837 :
580 2772 634 2839 καὶ
660 2764 699 2838 τδ
716 2765 872 2860 μηδέποτ’
892 2769 933 2839 δν
953 2773 1065 2839 ἐλθεῖν
1088 2771 1136 2863 εἷς
1157 2767 1399 2861 Πελοπόννησον
1419 2773 1491 2860 μηδ
1514 2770 1562 2851 εἰς
1586 2770 1726 2855 Εὔβοιαν
1745 2775 1819 2861 μηδ
1840 2771 1889 2850 είς
1910 2769 1966 2862 τήν
1986 2768 2130 2859 Ἀττικῆν

339 2877 511 2948 Φίλιππον
533 2874 628 2968 [μηδέ
648 2878 841 2970 &eptateuch
882 2880 934 2947 De
951 2879 1112 2948 Thebanis
1135 2884 1228 2969 paulo
1252 2907 1347 2971 snpra
1369 2885 1486 2948 dictum
1508 2894 1576 2948 erat
1598 2906 1605 2946 ε
1627 2879 1676 2958 τίς
1696 2877 1761 2968 γάρ
1784 2873 1842 2947 otia
1864 2871 1951 2947 σίδεν
1973 2875 2061 2963 δμαῖν
2081 2871 2129 2945 ὅτι

336 2989 385 3074 τῷ
407 2987 550 3054 Φωκέων
571 2986 704 3071 πολέμῳ
726 2988 781 3053 καί
801 2993 850 3072 τῷ
871 2988 1000 3073 κυρίοις
1021 2981 1104 3055 alvea
1123 2990 1240 3055 Πυλιῖν
1262 2986 1394 3068 Φωκέας
1415 2980 1434 3077 ἠ’
1454 3012 1489 3055 τε
1510 2985 1578 3056 άπδ
1591 2988 1745 3075 Θηβαίων
1766 2985 1862 3055 α’ίδεια
1883 2984 2025 3076 δπῆρχεν
2045 2982 2128 3074 ἡμῖν,

336 3119 423 3161 nunc
443 3097 538 3161 nnius
558 3094 698 3184 Philippi
718 3094 896 3183 periculum
917 3108 1119 3162 memoratur.
1163 3095 1259 3176 Quod
1281 3099 1341 3163 nisi
1362 3101 1406 3164 ita
1428 3109 1522 3179 esset,
1545 3120 1651 3163 rerum
1674 3097 1852 3162 distributio
1874 3120 1934 3186 per
1955 3095 2126 3185 particulae

336 3201 374 3271 τέ
394 3242 436 3253 -
456 3203 510 3270 καί
535 3203 621 3268 faeta
647 3203 760 3268 insana
789 3214 881 3268 esset.
933 3201 1043 3270 Simile
1064 3205 1234 3270 sciolorum
1256 3205 1412 3270 emblema
1434 3205 1668 3292 excerpendum
1691 3215 1740 3270 est
1761 3209 1781 3287 ᾖ
1802 3205 1865 3269 334
1886 3227 1894 3268 :
1915 3200 1965 3279 τίς
1987 3200 2128 3287 Μέγαρα

337 3299 453 3398 πρώην
480 3305 608 3394 ὀλίγους
638 3308 700 3400 [τίς
719 3311 884 3398 Θηβαίους
906 3304 1087 3401 ι’σχυρσάς];
1117 3313 1352 3379 Demosthenes
1382 3323 1560 3400 temporum
1591 3312 1634 3376 ibi
1665 3312 1818 3377 rationem
1852 3324 1977 3375 secutus
1999 3310 2127 3375 bellicas

338 3422 431 3509 quasi
453 3420 647 3484 calamitates
669 3421 866 3484 enumeravit
887 3443 951 3483 non
973 3442 992 3484 a
1014 3421 1211 3507 praetoribus
1234 3420 1289 3484 sed
1311 3443 1368 3508 per
1387 3419 1511 3506 legatos
1526 3432 1682 3507 acceptas.
1720 3418 1945 3484 Thebanorum
1962 3418 2127 3506 imperium

338 3527 421 3592 hanc
441 3528 473 3591 in
495 3528 654 3591 rationem
675 3548 738 3590 non
762 3525 853 3590 cadit.
1749 3527 1754 3536 ’

437 3647 457 3726 ξ
479 3643 520 3709 85
542 3665 550 3707 :
572 3643 646 3718 παῖς
666 3634 703 3706 δν
723 3629 778 3707 οὖν
802 3632 1068 3727 ὑβριστικώτερον
1088 3639 1265 3731 δίνθρωπσς
1288 3640 1362 3725 δμῖν
1383 3634 1563 3731 ἐχρήσατο,
1599 3642 1711 3728 Lege:
1734 3636 1919 3728 ἅνθρωπος.
1963 3642 2036 3708 Non
2059 3643 2126 3727 qui·

323 3749 416 3835 libet
437 3751 542 3832 homo,
565 3751 620 3816 sed
643 3772 725 3815 unus
747 3751 924 3814 Aeschines
947 3762 1081 3815 notatur.

436 3881 456 3959 ξ
477 3878 519 3942 90
540 3899 548 3939 :
569 3871 589 3962 ἦ
608 3872 668 3956 μὲν
688 3870 830 3961 ἡμετέρα
851 3868 1065 3960 (πραγμάτων
1086 3866 1279 3962 κατασκευή)
1310 3879 1483 3961 πραθεῖσα
1505 3872 1572 3942 δπδ
1592 3868 1714 3940 τούτων
1735 3865 1889 3939 άπόλωλε
1918 3870 1981 3960 [καί
2003 3872 2128 3959 γέγονεν

336 3975 505 4072 dederich
535 3977 555 4068 η“
580 3977 751 4047 δέκείνου
772 3978 901 4070 φοβερά
923 3984 977 4048 καί
998 3980 1119 4064 μείζων
1140 3983 1260 4070 πολληῖ.
1305 3983 1399 4062 Quod
1422 3986 1531 4071 periit,
1563 3984 1725 4048 infirmum
1747 4004 1816 4046 esse
1845 3980 1905 4044 dici
1928 4002 1989 4044 non
2013 3989 2125 4068 potest.

337 4089 514 4156 Veritatem
543 4112 619 4155 vero
647 4091 811 4177 amplexus
833 4095 859 4154 si
882 4094 1059 4156 sententiae
1081 4094 1203 4156 ratione
1224 4094 1372 4180 neglecta
1390 4093 1627 4159 Demosthenes
1650 4092 1709 4156 hoc
1731 4089 1836 4155 dicere
1859 4089 2024 4168 voluisset,
2050 4109 2124 4152 con·

338 4198 472 4262 cinnitas
494 4199 646 4262 orationis
668 4197 833 4284 flagitabat
854 4192 1083 4284 άσθενεστέρα.

436 4325 456 4405 ξ
480 4323 568 4389 100:
596 4313 710 4408 εἰρήνη
730 4319 788 4401 μέν
808 4313 864 4386 mlv
883 4320 926 4385 δι’
947 4320 1101 4405 ἐκείνους,
1130 4318 1332 4400 ἐπικίνδυνος
1354 4325 1390 4390 δέ
1417 4322 1482 4413 [καί
1503 4317 1667 4412 σφαλερά]
1694 4323 1749 4387 καί
1772 4312 1912 4394 άπιστος
1934 4316 1991 4384 διά
2009 4310 2127 4385 τούτου

333 4428 454 4516 γέγονε.
498 4427 585 4509 Quid
607 4423 761 4515 σφαλερά
781 4428 938 4515 significet
958 4430 1043 4494 aliud
1065 4453 1161 4517 quam
1183 4429 1404 4509 ἐπικίνδυνος,
1438 4432 1583 4519 equidem
1603 4454 1667 4496 non
1691 4427 1937 4516 comprehendo.
1980 4429 2126 4492 Alterum

334 4539 464 4605 alterium
477 4539 801 4625 interpretamentum
814 4547 874 4617 est,
895 4547 1066 4623 utriunque
1080 4539 1171 4603 simul
1187 4541 1362 4626 repositum
1377 4541 1440 4604 vim
1463 4541 1613 4604 orationis
1632 4562 1672 4604 ae
1693 4537 1925 4602 vehementiam
1946 4534 2125 4599 infirmabit.

434 4664 537 4745 §102
559 4685 567 4726 :
590 4665 719 4728 τοσοῦτ’
746 4656 860 4743 &aa
891 4666 952 4725 τοῦ
979 4665 1201 4747 συκοφαντίαν
1226 4663 1299 4728 τινά
1325 4669 1393 4739 ταῖς
1417 4655 1591 4747 πράγμασι
1616 4655 1741 4736 τούτοις
1769 4658 1957 4746 πρυσυίγειν.
2009 4660 2126 4726 (θεαταὶ

334 4780 517 4836 constanter
544 4769 692 4834 dixerunt
718 4765 831 4854 ὀλίγον
854 4776 977 4853 μικροῦ
1003 4771 1127 4836 πολλοῦ
1152 4763 1307 4837 τοσούτου
1335 4768 1401 4835 δέω
1420 4775 1530 4835 ποιεῖν
1548 4794 1597 4846 τι,
1626 4781 1658 4833 at
1680 4779 1790 4833 sonna
1814 4769 1969 4832 τοσοῦτον
1990 4759 2126 4832 άτσοδέω

334 4879 385 4942 ταί
404 4867 519 4958 dreigo
536 4881 597 4942 τοῦ
613 4881 723 4942 ποιεῖν
738 4900 783 4942 τε
836 4877 931 4943 Hane
948 4901 1097 4943 normam
1117 4880 1170 4944 vel
1191 4879 1380 4944 Plutarchus
1398 4889 1530 4944 secutis
1550 4887 1608 4942 est.
1662 4874 1748 4954 Quid
1770 4876 1854 4963 quod
1878 4874 2023 4941 Galenus
2043 4874 2125 4938 XIV

334 4986 392 5051 601
418 4985 478 5070 (Κ)
497 4995 587 5050 recte
608 4983 689 5049 dixit
710 4984 763 5049 καί
783 4984 941 5048 τοσοῦτον
961 4980 1082 5050 άποδεῖ
1100 4992 1163 5051 τοῦ
1181 4978 1421 5066 θαυμάζεσθαι
1443 4987 1520 5070 πυρί
1542 4979 1652 5058 αδτσῖς
1669 4979 1693 5049 δ
1713 4977 1912 5067 πρσοιπώνλ
1947 4979 2127 5066 *Quousque

334 5114 412 5179 ergo
438 5093 625 5161 tolerabitur
653 5091 738 5179 apud
766 5090 920 5156 Dinarch.
941 5091 958 5156 I
979 5094 1016 5158 31
1049 5100 1204 5159 τοσοῦτον
1232 5088 1359 5179 ἐδέησεν
1387 5087 1616 5179 δδημαγωγδς
1638 5141 1645 5156 .
1671 5143 1677 5155 .
1700 5091 1823 5176 πρᾶξίν
1841 5112 1913 5154 τινα
1932 5086 2125 5174 προφέρειν,

332 5204 518 5286 praesertim
551 5222 623 5265 eum
644 5197 729 5264 idem
751 5210 855 5264 orator
877 5198 912 5263 II
937 5201 974 5264 18
995 5203 1089 5265 attice
1111 5201 1227 5267 dixerit
1249 5225 1256 5266 ε
1280 5207 1435 5266 τοσοῦτον
1456 5200 1484 5265 δ’
1507 5195 1719 5265 άπολέποιπε
1738 5201 1797 5264 τοῦ
1818 5190 1946 5281 πατρδς
1965 5191 2075 5282 μνῆμά
2094 5219 2126 5263 τι
