4710 5910
1114 387 1152 450 19

237 589 494 675 Amphictyonas
521 588 794 674 Amphictyonum
824 585 999 648 exercitum
1029 585 1172 668 coegisse
1200 583 1432 672 praedicatur?
1490 584 1654 648 Eluoescit
1681 584 1795 670 opinor
1821 585 2032 669 interpretum

238 696 404 783 diligentia
434 718 472 760 ac
494 694 661 758 sedulitate
684 703 793 757 natum
815 693 1009 757 extrinsecus
1032 694 1063 755 in
1086 691 1202 755 flumen
1226 693 1377 756 orationis
1407 694 1550 755 sincerae
1577 691 1741 754 influxisse
1771 690 2031 755 additamentum.

339 802 491 868 111100:
514 796 693 885 άπαγαγιάν
714 800 744 865 δ’
759 796 845 880 ὑμᾶς
866 796 1005 863 άπωθεν
1026 796 1093 864 ἀπὸ
1112 804 1172 863 τοῦ
1186 799 1369 882 κλέμματος
1390 798 1443 865 καλ
1466 792 1697 884 ἀνακρεμάσας
1718 791 1786 863 α’πδ
1806 806 1868 862 των
1889 794 2033 864 ἐλπίδων

237 910 303 976 κτλ
354 911 428 975 Non
451 911 554 993 video,
577 933 634 974 cur
656 921 765 974 orator
786 908 933 972 conmuni
956 907 1082 972 dicendi
1106 907 1335 973 consuetudine
1357 907 1465 971 relicta
1490 900 1715 991 άνακρεμάσαι
1742 896 1810 970 άπό
1830 928 1915 982 τινος
1937 930 2032 993 quam

239 1012 275 1085 t'x
295 1040 380 1093 τινος
408 1016 514 1082 dicere
545 1017 699 1081 maluerit.
752 1015 944 1102 Elegantiae
974 1015 1103 1101 quidem
1129 1016 1190 1079 hoc
1222 1016 1354 1079 artificio
1376 1037 1489 1100 parum
1511 1015 1705 1078 consuluisse
1728 1014 1871 1093 videtur,
1904 1016 1980 1101 quia
2000 1017 2034 1078 in

238 1148 303 1190 uno
330 1125 507 1212 eodemque
536 1125 699 1189 enuntiato
729 1123 872 1187 eiusdem
901 1123 1147 1209 praepositionis
1168 1124 1355 1202 iteratione,
1385 1123 1444 1184 nisi
1477 1131 1532 1185 aut
1558 1122 1731 1185 necessitas
1758 1121 1949 1206 flagitaverit
1980 1133 2035 1186 aut

239 1234 398 1298 rhetorica
421 1232 576 1319 quaedam
599 1231 660 1312 vis,
683 1253 885 1318 nequaquam
906 1230 1108 1317 pulchritudo
1131 1231 1281 1294 orationis
1301 1229 1487 1315 adaugetur.
1531 1225 1639 1306 Quare
1661 1251 1732 1293 cum
1755 1231 1786 1292 in
1808 1253 1872 1293 uno
1895 1230 2032 1316 quodam

238 1341 369 1405 meliore
390 1340 471 1404 libro
493 1339 543 1424 (h)
567 1349 693 1404 servata
716 1340 757 1403 sit
777 1336 836 1403 ἐπὶ
857 1339 1072 1424 suprascripto
1093 1332 1175 1419 άπά,
1206 1337 1401 1401 conveniens
1431 1335 1559 1400 videtur
1579 1338 1692 1399 rationi
1714 1339 1843 1402 criticae
1867 1339 2035 1402 restituere

238 1441 275 1512 ἐκ
295 1453 361 1513 τῶν
382 1443 535 1511 ἐλπίδων.
589 1447 752 1511 Articulus
775 1459 881 1511 autem
901 1446 967 1509 τοῖν
988 1444 1168 1510 auditorum
1190 1445 1312 1508 animos
1335 1454 1463 1508 revocat
1483 1442 1524 1508 ad
1546 1442 1795 1508 recordationem
1819 1467 1929 1510 eorum
1951 1469 2033 1532 quae

238 1555 333 1642 paulo
363 1565 437 1619 ante
465 1555 504 1618 de
533 1554 595 1618 hoc
624 1576 744 1639 genere
774 1556 1003 1641 promissorum
1027 1553 1153 1617 dixerat
1174 1574 1182 1615 :
1204 1547 1348 1616 ἐλπίδων
1369 1543 1427 1616 οάκ
1449 1551 1614 1631 ἐσομένων.
1669 1552 1821 1618 Ceterum
1844 1555 1875 1616 in
1897 1553 2035 1618 formula

238 1651 379 1747 άπάγειν
401 1656 470 1727 cim*
490 1667 550 1725 τοῦ
571 1650 763 1745 πράγματος
784 1662 868 1748 apud
891 1661 1143 1726 Demosthenem
1165 1659 1292 1744 quidem
1315 1654 1454 1723 άπωθεν
1475 1683 1632 1747 nusquam
1652 1662 1779 1747 repperi
1801 1661 1992 1725 adiunctum.

338 1768 392 1835 ΠΙ
414 1769 454 1834 89
476 1792 483 1832 :
506 1759 578 1833 ἄλλ’
596 1763 687 1850 ὅμως
707 1769 841 1834 τοιαῦτα
862 1760 1071 1845 πεπονθότες
1092 1759 1196 1832 πάλιν
1217 1764 1419 1833 διελύσασθε
1440 1764 1524 1854 πρὸς
1545 1765 1676 1844 αιῗτοδς.
1710 1765 1812 1850 τυχών
1833 1769 1871 1834 δὲ
1892 1762 2036 1854 συγγνώ-

238 1898 302 1964 μης
324 1872 415 1965 [παρ’
438 1874 539 1965 ὑμῶν]
565 1876 712 1953 Καλλίας
742 1874 771 1964 [ὁ
792 1873 992 1965 Χαλκιδεύς]
1015 1871 1132 1962 μικρδν
1154 1871 1317 1940 διαλιπιάν
1338 1867 1470 1965 [χρόνω]
1494 1872 1594 1941 πάλιν
1621 1864 1675 1962 ἧκε
1702 1867 1880 1962 φερόμενος
1907 1873 1956 1952 εἰς
1980 1873 2038 1962 τήν

239 1982 358 2051 ἑαυτοῦ
384 1978 491 2071 φύσιν.
539 1986 747 2073 Interpolatio
777 1995 931 2072 qnantum
957 1983 998 2048 ad
1020 1983 1188 2048 Aeschinis
1217 1983 1475 2071 depravationem
1498 1983 1648 2068 valuerit,
1680 1986 1829 2070 quoniam
1852 2007 1937 2048 nunc
1958 1985 2036 2049 mihi

239 2095 339 2158 multo
361 2096 456 2159 etiam
477 2094 581 2178 magis
603 2100 805 2180 perspectum
828 2101 892 2174 est,
923 2090 1086 2155 nihilium
1108 2113 1222 2156 vereor
1242 2093 1349 2155 omnia
1369 2090 1469 2154 verba
1489 2093 1579 2155 uncis
1599 2090 1792 2156 circumdata
1813 2093 2035 2156 exterminare.

240 2201 326 2267 Nam
340 2204 419 2287 παρ’
437 2197 524 2280 ὑμῶν
545 2222 789 2287 supervacuum,
808 2198 978 2263 molestum
997 2199 1092 2262 etiam
1114 2193 1132 2262 ὁ
1149 2190 1343 2278 Χαλκιδεύς,
1364 2197 1550 2284 languidum
1573 2220 1649 2261 vero
1671 2200 1835 2286 participio
1858 2200 2034 2264 subiectum

240 2330 358 2373 nomen
378 2299 495 2393 χρόνον.
549 2306 658 2371 Possis
680 2309 775 2370 etiam
798 2307 957 2391 corrigere
981 2300 1145 2370 διαλιπαέν
1165 2297 1276 2391 χρόνον
1304 2307 1371 2369 sine
1393 2305 1564 2386 adiectivo,
1595 2317 1627 2369 at
1659 2306 1737 2370 haec
1759 2307 1853 2370 dictio
1874 2330 1938 2372 nou
1961 2330 2036 2372 con·

239 2418 375 2481 veniens
403 2415 560 2479 videtur:
591 2413 731 2478 brevitas
761 2413 889 2499 quidem
916 2413 1072 2477 interiecti
1094 2415 1247 2501 temporis
1268 2422 1431 2499 urguetur.
1485 2412 1619 2477 Accedit
1647 2413 1733 2499 quod
1763 2414 1835 2478 alibi
1859 2414 2035 2479 Aeschines

240 2525 370 2587 nomine
391 2524 507 2586 omisso
530 2521 714 2607 simpliciter
737 2520 816 2585 dixit
835 2517 949 2607 μικράν
970 2515 1149 2597 διαλιπών,
1180 2519 1280 2584 veluti
1301 2518 1318 2583 I
1342 2521 1410 2603 111,
1432 2518 1484 2584 IlI
1508 2523 1555 2586 10.
1608 2520 1736 2583 Incerta
1756 2530 1862 2584 autem
1883 2523 2035 2607 temporis

243 2630 410 2694 intervalla
432 2629 637 2694 relectionis
659 2629 911 2693 intermissiones
932 2639 969 2693 ut
988 2628 1197 2714 significaret,
1220 2627 1343 2692 duobus
1363 2628 1440 2691 locis
1462 2626 1514 2692 III
1536 2629 1607 2691 217.
1628 2629 1691 2692 220
1713 2624 1881 2691 διαλιπιδν
1901 2638 1934 2692 et
1956 2629 2037 2693 δια-

240 2735 366 2802 λείπων
387 2739 455 2801 sine
476 2736 539 2800 ullo
561 2745 617 2799 aut
638 2735 794 2801 adiectivo
817 2748 871 2800 aut
893 2737 1091 2801 substantivo
1113 2737 1287 2823 usurpavit.

341 2843 394 2908 ΠΙ
415 2844 456 2907 72
477 2866 485 2907 :
510 2843 563 2908 καλ
590 2841 747 2907 τελευτῶν
774 2842 830 2908 ἐπὶ
857 2838 894 2907 τά
913 2846 1004 2928 βῆμα
1026 2840 1258 2929 παρακαλέσας
1277 2837 1489 2928 Ἀντίπατρον
1509 2834 1690 2927 έρωτήματ’
1711 2835 1780 2908 ἄττ’
1802 2834 1926 2928 ἠρώτα,
1950 2863 2038 2930 προ-

242 2949 349 3018 ειπών
367 2952 427 3032 μέν
448 2939 471 3016 ά
490 2942 650 3037 ἐρήσεται,
673 2944 881 3034 προδιδάξας
896 2939 968 3019 d'li
987 2945 1050 3039 χρη
1071 2947 1167 3039 [κατά
1186 2958 1243 3038 τῆς
1264 2943 1405 3040 πόλεως]
1429 2947 1686 3035 α’ποκρίνασθαι.
1722 2951 1820 3015 Verte
1836 2951 1917 3015 hanc
1931 2962 2036 3017 extre·

241 3083 327 3125 mam
353 3037 571 3125 senientiam:
600 3059 768 3124 obscuram
799 3081 869 3124 esse
896 3059 1021 3124 videbis
1049 3070 1181 3146 propter
1207 3059 1416 3123 adiectionem
1446 3061 1539 3123 istius
1560 3060 1694 3124 membri
1716 3051 1800 3122 κατά
1818 3065 1875 3144 τῆς
1896 3053 2034 3135 πόλεως.

241 3167 402 3232 Nimirum
430 3166 472 3232 ad
500 3189 539 3232 ea
569 3188 651 3251 quae
672 3166 912 3231 Demosthenes
943 3169 1124 3253 rogaverit,
1157 3167 1329 3253 Antipater
1357 3166 1469 3231 doctus
1491 3177 1540 3232 est
1561 3167 1749 3231 senteutiam
1772 3166 1887 3232 dicere.
1932 3169 2037 3235 Omne

242 3297 319 3340 vero
348 3274 515 3340 artificium
536 3274 788 3338 Demosthenem
820 3284 930 3337 contra
958 3275 1187 3360 rempublicam
1216 3274 1431 3339 machinatum
1459 3276 1572 3357 luisse,
1607 3277 1683 3339 satis
1705 3296 1864 3362 superque
1886 3278 2037 3340 universa

242 3384 426 3448 narratione
456 3383 641 3468 explicatur.
693 3379 774 3447 Cum
806 3382 903 3467 igitur
930 3382 963 3443 in
992 3405 1056 3446 uno
1089 3383 1228 3469 quodam
1257 3405 1298 3448 ex
1327 3384 1507 3449 melioribus
1536 3383 1616 3448 libro
1644 3385 1693 3468 (a)
1714 3384 1864 3447 traditum
1888 3386 1928 3447 sit
1956 3384 2037 3470 περὶ

241 3492 298 3577 τῆς
318 3482 460 3566 πόλεως,
482 3491 543 3554 hoc
563 3490 740 3554 membrum
763 3512 802 3554 ex
823 3491 952 3575 ingenio
975 3490 1250 3575 grammaticorum
1274 3501 1377 3554 ortum
1398 3501 1540 3577 apparet.

342 3597 395 3663 ΙΙΙ
418 3600 459 3664 70
480 3621 488 3661 :
511 3597 567 3662 nol
589 3597 825 3685 προσέγραψαν
846 3594 890 3685 [ἐν
909 3604 959 3682 τῷ
981 3592 1132 3688 δόγματι]
1156 3594 1279 3679 ἐξεῖναι
1300 3603 1349 3682 τῷ
1368 3596 1556 3681 βουλομένῳ
1577 3599 1639 3663 τῶν
1659 3590 1813 3686 Ἑλλήνων
1836 3647 1891 3665 ...
1913 3596 1962 3675 εἰς
1982 3595 2038 3686 τὴν

242 3700 341 3790 αὐτὴν
370 3697 486 3790 στήλην
506 3697 761 3789 ἀναγράφεσθαι
792 3704 872 3792 [μετ’
893 3700 1082 3795 Ἀθηναίων]
1106 3707 1160 3771 καὶ
1181 3707 1325 3787 μετέχειν
1346 3707 1411 3769 τῶν
1432 3699 1535 3790 ὅρκων
1555 3704 1623 3770 κτλ.
1678 3710 1727 3771 Ac
1749 3707 1886 3793 primum
1908 3708 2037 3792 quidem

241 3812 408 3901 probabile
437 3823 486 3877 est
515 3812 616 3877 verba
636 3814 689 3877 illa
709 3808 743 3876 ἐν
761 3820 812 3897 τῷ
832 3804 973 3897 δόγματι
995 3837 1060 3879 σου
1082 3816 1184 3901 magis
1206 3837 1246 3880 ex
1267 3837 1345 3880 vera
1366 3815 1535 3879 Aeschinis
1558 3818 1702 3880 oratione
1724 3816 1912 3901 profluxisse
1938 3838 2035 3902 quam

243 3922 345 3986 simile
374 3919 626 3984 additamentum
659 3925 679 4003 ᾖ
704 3923 761 4005 ll,
791 3922 878 4009 quod
904 3945 977 3987 cum
1000 3921 1130 3986 Dohreo
1154 3920 1205 3985 Tu
1232 3944 1334 4009 nuper
1363 3923 1520 3987 sublatum
1542 3923 1678 3987 voluisti.
1733 3922 1804 3987 Nec
1832 3945 1909 3987 vero
1931 3924 2035 3987 minus

242 4050 356 4094 verum
377 4042 426 4092 est
446 4028 499 4095 III
523 4029 582 4095 142
602 4051 611 4092 :
632 4023 767 4116 γράψας
787 4024 819 4092 ἐν
838 4033 888 4114 τῷ
909 4029 1113 4118 ψηφίσματι,
1136 4051 1233 4115 quam
1253 4031 1347 4095 Dem.
1368 4029 1456 4095 XXI
1480 4031 1562 4094 170:
1586 4027 1616 4095 εἰ
1637 4027 1850 4117 προσέγραψέ
1871 4053 1922 4106 τις
1943 4026 1977 4094 ἐν
1996 4037 2037 4118 τῇ

243 4132 356 4225 στήλη.
397 4136 523 4202 Deinde
546 4149 728 4224 suspectum
750 4138 827 4201 mihi
850 4147 900 4203 est
919 4138 987 4219 μετ’
1007 4133 1198 4223 Ἀθηναίων.
1242 4140 1327 4204 Nam
1349 4141 1375 4202 si
1397 4139 1581 4226 quidquam,
1602 4137 1685 4203 adici
1708 4137 1817 4202 debuit
1838 4142 1909 4213 τοῖς
1930 4129 2037 4224 Ἀθη-

242 4243 347 4320 ναλοις
367 4245 422 4309 καλ
443 4248 512 4320 τοῖς
529 4237 719 4326 συμμάχοις
739 4238 854 4324 αὐτῶν,
876 4246 937 4328 vel,
969 4268 1043 4310 cum
1063 4250 1141 4311 socii
1164 4248 1295 4312 iubeant
1315 4258 1439 4312 eeteros
1461 4246 1604 4312 Graecos
1626 4247 1680 4332 qui
1701 4246 1860 4310 voluerint
1881 4247 1914 4309 in
1935 4246 2036 4309 socio·

243 4376 315 4418 rum
335 4375 452 4417 nomen
473 4354 633 4418 adscribi:
655 4357 724 4428 τοῖς
744 4347 930 4435 συμμάχοις
950 4353 1003 4418 vel
1025 4355 1127 4420 simile
1143 4355 1326 4442 quidquam.
1362 4355 1458 4420 Patet
1478 4354 1566 4442 qnod
1586 4354 1686 4440 vulgo
1708 4352 1859 4418 traditum
1883 4354 1932 4434 sit,
1953 4353 2037 4418 male

243 4468 443 4526 enuntiatum
465 4482 544 4526 esse.

343 4567 396 4634 lll
416 4566 618 4646 τοικαίτοι,
640 4561 669 4634 oi
693 4570 878 4656 Κτησιφαῖν,
901 4557 987 4633 ὅπου
1006 4564 1048 4632 τά
1066 4568 1205 4651 μέγιστα
1224 4573 1289 4633 ταῖν
1309 4563 1455 4654 αἰσχρῶν
1475 4561 1581 4643 οὕτως
1601 4562 1671 4634 ἐστὶ
1693 4562 1796 4633 πιστά
1815 4566 1870 4632 καλ
1891 4558 2038 4653 γνώριμα

242 4679 312 4751 τοῖς
333 4664 507 4741 α’κοάουσιν
526 4677 591 4742 κτλ.
632 4676 684 4741 Ibi
707 4700 777 4741 cum
800 4677 925 4740 codices
948 4697 1058 4740 omnes
1080 4676 1161 4741 falso
1184 4678 1358 4762 praebeant
1378 4667 1461 4760 ὅτῳ,
1492 4675 1583 4740 multi
1613 4677 1712 4740 multa
1740 4674 1782 4739 ad
1803 4674 2037 4740 emendandum

243 4793 488 4871 proposuerunt,
510 4785 579 4872 ipse
599 4807 703 4871 nuper
723 4785 903 4870 excogitavi
923 4772 1015 4866 ὅπου,
1037 4783 1078 4848 ab
1098 4784 1249 4849 hocloco
1271 4784 1507 4849 alienissimum.
1550 4781 1647 4848 Nunc
1669 4782 1764 4847 credo
1785 4806 1827 4847 ex
1848 4783 1929 4848 falsa
1951 4780 2036 4846 codi-

244 4912 316 4955 cum
338 4892 493 4978 scriptura
514 4895 630 4956 rectius
651 4893 773 4956 restitui
796 4915 803 4955 :
826 4891 879 4977 ἐφ’
901 4881 939 4975 ᾧ.
982 4891 1083 4957 Cuius
1113 4893 1259 4957 dictionis
1288 4913 1480 4978 quamquam
1512 4892 1588 4955 mihi
1619 4893 1800 4978 exemplum
1821 4912 1886 4954 non
1908 4898 2036 4977 praesto

244 5009 293 5061 est
312 4999 501 5081 absolutum,
525 5000 744 5064 similitudines
765 5009 874 5064 tamen
894 5003 1063 5087 conparari
1085 5001 1182 5064 licet:
1206 4983 1302 5064 Hom.
1323 5021 1351 5062 ω
1372 4999 1435 5063 91:
1459 4989 1501 5064 οἷ’
1516 4993 1572 5064 ἐπέ
1596 4999 1648 5063 σοὶ
1671 4997 1828 5083 κατέθηκε
1849 4993 1916 5061 θεά
1935 5017 2037 5081 περι-

240 5103 348 5171 καλλέ’
369 5101 497 5187 άεθλα,
530 5105 628 5193 Soph.
645 5107 726 5174 Oed.
751 5106 820 5173 Col.
841 5111 926 5173 414:
949 5101 1005 5173 καί
1025 5108 1114 5172 ταῦτ’
1135 5103 1187 5192 ἐφ’
1210 5103 1285 5192 ἡμῖν
1307 5111 1431 5188 Φοῖβος
1452 5102 1586 5191 εἰρηκώς
1607 5110 1717 5192 κυρεῐ;
1741 5104 1843 5170 Thac.
1866 5104 1972 5182 1135,
1995 5107 2038 5167 1:

242 5208 288 5289 αἱς
308 5208 405 5279 καλὸν
427 5208 483 5280 ἐπὶ
506 5217 574 5288 τοῖς
594 5211 629 5277 ἐκ
651 5220 713 5279 τάν
734 5214 891 5296 πολέμων
910 5217 1134 5295 θαπτομένοις
1155 5207 1373 5301 άγορεάεσθαι
1395 5205 1490 5279 αὐτόν
1513 5215 1569 5298 (au
1591 5208 1726 5279 ἔπαινον
1736 5212 1778 5295 l),
1802 5213 1842 5275 cf.
1865 5211 1899 5276 Π
1920 5214 1970 5294 34,
1992 5212 2036 5275 3:

1789 5313 1838 5376 3*
