<?xml version="1.0" encoding="UTF-8"?>
<!DOCTYPE html PUBLIC "-//W3C//DTD XHTML 1.0 Transitional//EN"
    "http://www.w3.org/TR/xhtml1/DTD/xhtml1-transitional.dtd">
<html xmlns="http://www.w3.org/1999/xhtml" xml:lang="en" lang="en">
 <head>
  <title>
</title>
<meta http-equiv="Content-Type" content="text/html;charset=utf-8" />
  <meta name='ocr-system' content='tesseract 3.04.00' />
  <meta name='ocr-capabilities' content='ocr_page ocr_carea ocr_par ocr_line ocrx_word'/>
</head>
<body>
  <div class='ocr_page' id='page_1' title='image "./deaeschinisemen00weidgoog_0024.png"; bbox 0 0 4710 5910; ppageno 0'>
   <div class='ocr_carea' id='block_1_1' title="bbox 1102 379 1139 442">
    <p class='ocr_par' dir='ltr' id='par_1_1' title="bbox 1102 379 1139 442">
     <span class='ocr_line' id='line_1_1' title="bbox 1102 379 1139 442; baseline -0.027 0"><span class='ocrx_word' id='word_1_1' title='bbox 1102 379 1139 442; x_wconf 79' lang='lat'>21</span> 
     </span>
    </p>
   </div>
   <div class='ocr_carea' id='block_1_2' title="bbox 330 569 2022 670">
    <p class='ocr_par' dir='ltr' id='par_1_2' title="bbox 330 569 2022 670">
     <span class='ocr_line' id='line_1_2' title="bbox 330 569 2022 670; baseline 0.003 -29"><span class='ocrx_word' id='word_1_2' title='bbox 330 575 384 641; x_wconf 91' lang='lat' dir='ltr'>HI</span> <span class='ocrx_word' id='word_1_3' title='bbox 405 575 476 641; x_wconf 88' lang='lat'>48:</span> <span class='ocrx_word' id='word_1_4' title='bbox 505 572 536 640; x_wconf 86' lang='grc' dir='ltr'>εἰ</span> <span class='ocrx_word' id='word_1_5' title='bbox 566 575 594 640; x_wconf 72' lang='grc' dir='ltr'>δ’</span> <span class='ocrx_word' id='word_1_6' title='bbox 615 569 634 640; x_wconf 84' lang='grc' dir='ltr'><strong><em>δ</em></strong></span> <span class='ocrx_word' id='word_1_7' title='bbox 656 576 759 662; x_wconf 75' lang='grc' dir='ltr'><strong><em>δῆμος</em></strong></span> <span class='ocrx_word' id='word_1_8' title='bbox 780 571 797 640; x_wconf 86' lang='grc' dir='ltr'><strong><em>ὁ</em></strong></span> <span class='ocrx_word' id='word_1_9' title='bbox 816 569 1013 661; x_wconf 72' lang='grc' dir='ltr'><strong><em>Ἀθηναίων,</em></strong></span> <span class='ocrx_word' id='word_1_10' title='bbox 1042 572 1280 643; x_wconf 80' lang='grc' dir='ltr'><strong><em>α’ποδέδεικταλ</em></strong></span> <span class='ocrx_word' id='word_1_11' title='bbox 1306 595 1358 643; x_wconf 91' lang='grc' dir='ltr'>σοι</span> <span class='ocrx_word' id='word_1_12' title='bbox 1383 569 1483 655; x_wconf 76' lang='grc' dir='ltr'><strong><em>τόπος</em></strong></span> <span class='ocrx_word' id='word_1_13' title='bbox 1512 572 1607 666; x_wconf 84' lang='grc' dir='ltr'><strong><em>[ὅπου</em></strong></span> <span class='ocrx_word' id='word_1_14' title='bbox 1629 578 1682 643; x_wconf 84' lang='grc' dir='ltr'>δεῖ</span> <span class='ocrx_word' id='word_1_15' title='bbox 1707 584 1802 643; x_wconf 89' lang='grc' dir='ltr'><strong><em>τοῦτο</em></strong></span> <span class='ocrx_word' id='word_1_16' title='bbox 1830 578 2022 670; x_wconf 65' lang='grc' dir='ltr'><strong><em>γίγνεσθαιλ,</em></strong></span> 
     </span>
    </p>
   </div>
   <div class='ocr_carea' id='block_1_3' title="bbox 128 676 2023 773">
    <p class='ocr_par' dir='ltr' id='par_1_3' title="bbox 128 676 2023 773">
     <span class='ocr_line' id='line_1_3' title="bbox 128 676 2023 773; baseline 0.002 -24"><span class='ocrx_word' id='word_1_17' title='bbox 128 716 133 725; x_wconf 93' lang='grc'><strong><em>·</em></strong></span> <span class='ocrx_word' id='word_1_18' title='bbox 232 677 410 768; x_wconf 77' lang='grc' dir='ltr'><strong><em>α’πελρηταλ</em></strong></span> <span class='ocrx_word' id='word_1_19' title='bbox 430 702 481 748; x_wconf 90' lang='grc' dir='ltr'>σοι</span> <span class='ocrx_word' id='word_1_20' title='bbox 504 678 568 764; x_wconf 81' lang='grc' dir='ltr'>ἔξω</span> <span class='ocrx_word' id='word_1_21' title='bbox 590 688 646 768; x_wconf 81' lang='grc' dir='ltr'><strong><em>τῆς</em></strong></span> <span class='ocrx_word' id='word_1_22' title='bbox 669 682 837 768; x_wconf 73' lang='grc' dir='ltr'><strong><em>ἐκκλησίας</em></strong></span> <span class='ocrx_word' id='word_1_23' title='bbox 856 679 902 769; x_wconf 79' lang='grc' dir='ltr'><em>μή</em></span> <span class='ocrx_word' id='word_1_24' title='bbox 924 676 1154 770; x_wconf 77' lang='grc' dir='ltr'><strong><em>κηρύττεσθαι.</em></strong></span> <span class='ocrx_word' id='word_1_25' title='bbox 1208 684 1282 771; x_wconf 83' lang='lat' dir='ltr'>Ego</span> <span class='ocrx_word' id='word_1_26' title='bbox 1305 708 1400 772; x_wconf 87' lang='lat' dir='ltr'>quem</span> <span class='ocrx_word' id='word_1_27' title='bbox 1422 685 1611 751; x_wconf 90' lang='lat' dir='ltr'>admodum</span> <span class='ocrx_word' id='word_1_28' title='bbox 1634 709 1774 773; x_wconf 85' lang='lat' dir='ltr'>eaquae</span> <span class='ocrx_word' id='word_1_29' title='bbox 1797 686 1908 752; x_wconf 88' lang='lat' dir='ltr'>inclusi</span> <span class='ocrx_word' id='word_1_30' title='bbox 1930 689 2023 754; x_wconf 89' lang='lat' dir='ltr'>facile</span> 
     </span>
    </p>
   </div>
   <div class='ocr_carea' id='block_1_4' title="bbox 222 786 2027 5297">
    <p class='ocr_par' dir='ltr' id='par_1_4' title="bbox 231 786 2024 1309">
     <span class='ocr_line' id='line_1_4' title="bbox 232 786 2023 882; baseline 0.003 -27"><span class='ocrx_word' id='word_1_31' title='bbox 232 790 372 856; x_wconf 89' lang='lat' dir='ltr'>concedo</span> <span class='ocrx_word' id='word_1_32' title='bbox 395 791 597 877; x_wconf 86' lang='lat' dir='ltr'>excerpenda</span> <span class='ocrx_word' id='word_1_33' title='bbox 620 813 700 873; x_wconf 83' lang='lat' dir='ltr'>esse,</span> <span class='ocrx_word' id='word_1_34' title='bbox 722 792 766 856; x_wconf 84' lang='lat' dir='ltr'>ita</span> <span class='ocrx_word' id='word_1_35' title='bbox 789 790 909 878; x_wconf 91' lang='lat' dir='ltr'>reliqua</span> <span class='ocrx_word' id='word_1_36' title='bbox 931 794 1026 856; x_wconf 89' lang='lat' dir='ltr'>etiam</span> <span class='ocrx_word' id='word_1_37' title='bbox 1049 793 1148 857; x_wconf 90' lang='lat' dir='ltr'>verba</span> <span class='ocrx_word' id='word_1_38' title='bbox 1163 787 1395 858; x_wconf 71' lang='grc' dir='ltr'><strong><em>ἀποδέδεικταί</em></strong></span> <span class='ocrx_word' id='word_1_39' title='bbox 1409 815 1460 858; x_wconf 93' lang='grc' dir='ltr'>σοι</span> <span class='ocrx_word' id='word_1_40' title='bbox 1473 786 1577 870; x_wconf 86' lang='grc' dir='ltr'><strong><em>τόπος</em></strong></span> <span class='ocrx_word' id='word_1_41' title='bbox 1598 795 1758 882; x_wconf 79' lang='lat' dir='ltr'>expellere</span> <span class='ocrx_word' id='word_1_42' title='bbox 1780 815 1901 859; x_wconf 90' lang='lat' dir='ltr'>recuso.</span> <span class='ocrx_word' id='word_1_43' title='bbox 1938 795 2023 861; x_wconf 88' lang='lat' dir='ltr'>Nam</span> 
     </span>
     <span class='ocr_line' id='line_1_5' title="bbox 234 897 2022 988; baseline 0.002 -25"><span class='ocrx_word' id='word_1_44' title='bbox 234 897 391 985; x_wconf 80' lang='lat' dir='ltr'>duplicem</span> <span class='ocrx_word' id='word_1_45' title='bbox 413 898 589 964; x_wconf 78' lang='lat' dir='ltr'>Aeschines</span> <span class='ocrx_word' id='word_1_46' title='bbox 610 897 760 963; x_wconf 88' lang='lat' dir='ltr'>admovet</span> <span class='ocrx_word' id='word_1_47' title='bbox 779 901 937 963; x_wconf 88' lang='lat' dir='ltr'>rationem</span> <span class='ocrx_word' id='word_1_48' title='bbox 961 922 968 962; x_wconf 93' lang='lat'><strong>:</strong></span> <span class='ocrx_word' id='word_1_49' title='bbox 995 901 1133 985; x_wconf 92' lang='lat' dir='ltr'>primum</span> <span class='ocrx_word' id='word_1_50' title='bbox 1163 903 1320 966; x_wconf 89' lang='lat' dir='ltr'>contionis</span> <span class='ocrx_word' id='word_1_51' title='bbox 1342 924 1471 966; x_wconf 91' lang='lat' dir='ltr'>arenam</span> <span class='ocrx_word' id='word_1_52' title='bbox 1493 904 1525 966; x_wconf 94' lang='lat' dir='ltr'>in</span> <span class='ocrx_word' id='word_1_53' title='bbox 1547 903 1619 988; x_wconf 84' lang='lat' dir='ltr'>lege</span> <span class='ocrx_word' id='word_1_54' title='bbox 1642 911 1727 966; x_wconf 92' lang='lat' dir='ltr'>certo</span> <span class='ocrx_word' id='word_1_55' title='bbox 1750 902 1915 967; x_wconf 79' lang='lat' dir='ltr'>delinitam</span> <span class='ocrx_word' id='word_1_56' title='bbox 1937 901 2022 986; x_wconf 91' lang='lat' dir='ltr'>dicit,</span> 
     </span>
     <span class='ocr_line' id='line_1_6' title="bbox 233 1001 2024 1095; baseline 0.002 -23"><span class='ocrx_word' id='word_1_57' title='bbox 233 1004 346 1072; x_wconf 91' lang='lat' dir='ltr'>deinde</span> <span class='ocrx_word' id='word_1_58' title='bbox 380 1008 413 1070; x_wconf 92' lang='lat' dir='ltr'>iu</span> <span class='ocrx_word' id='word_1_59' title='bbox 446 1005 557 1071; x_wconf 88' lang='lat' dir='ltr'>eadem</span> <span class='ocrx_word' id='word_1_60' title='bbox 591 1006 663 1091; x_wconf 78' lang='lat' dir='ltr'>lege</span> <span class='ocrx_word' id='word_1_61' title='bbox 693 1006 800 1070; x_wconf 90' lang='lat' dir='ltr'>addito</span> <span class='ocrx_word' id='word_1_62' title='bbox 829 1001 949 1071; x_wconf 69' lang='grc' dir='ltr'><strong><em>ἄλλοθι</em></strong></span> <span class='ocrx_word' id='word_1_63' title='bbox 976 1004 1014 1071; x_wconf 80' lang='grc' dir='ltr'>δὲ</span> <span class='ocrx_word' id='word_1_64' title='bbox 1034 1008 1185 1093; x_wconf 77' lang='grc' dir='ltr'><strong><em>μηδαμοῦ</em></strong></span> <span class='ocrx_word' id='word_1_65' title='bbox 1212 1009 1307 1073; x_wconf 86' lang='lat' dir='ltr'>alium</span> <span class='ocrx_word' id='word_1_66' title='bbox 1337 1020 1463 1095; x_wconf 87' lang='lat' dir='ltr'>praeter</span> <span class='ocrx_word' id='word_1_67' title='bbox 1491 1010 1674 1074; x_wconf 90' lang='lat' dir='ltr'>contionem</span> <span class='ocrx_word' id='word_1_68' title='bbox 1695 1009 1799 1076; x_wconf 89' lang='lat' dir='ltr'>locum</span> <span class='ocrx_word' id='word_1_69' title='bbox 1820 1009 2024 1075; x_wconf 89' lang='lat' dir='ltr'>interdictum</span> 
     </span>
     <span class='ocr_line' id='line_1_7' title="bbox 232 1111 2023 1204; baseline 0.003 -25"><span class='ocrx_word' id='word_1_70' title='bbox 232 1136 302 1180; x_wconf 90' lang='lat' dir='ltr'>esse</span> <span class='ocrx_word' id='word_1_71' title='bbox 331 1113 505 1178; x_wconf 86' lang='lat' dir='ltr'>confirmat.</span> <span class='ocrx_word' id='word_1_72' title='bbox 560 1111 633 1192; x_wconf 88' lang='lat' dir='ltr'>Qua</span> <span class='ocrx_word' id='word_1_73' title='bbox 661 1115 782 1178; x_wconf 89' lang='lat' dir='ltr'>ratione</span> <span class='ocrx_word' id='word_1_74' title='bbox 810 1113 1027 1179; x_wconf 83' lang='lat' dir='ltr'>adversarium</span> <span class='ocrx_word' id='word_1_75' title='bbox 1049 1137 1087 1179; x_wconf 90' lang='lat' dir='ltr'>eo</span> <span class='ocrx_word' id='word_1_76' title='bbox 1110 1116 1289 1203; x_wconf 84' lang='lat' dir='ltr'>conpellere</span> <span class='ocrx_word' id='word_1_77' title='bbox 1311 1115 1434 1199; x_wconf 89' lang='lat' dir='ltr'>studet,</span> <span class='ocrx_word' id='word_1_78' title='bbox 1465 1127 1501 1182; x_wconf 92' lang='lat' dir='ltr'>ut</span> <span class='ocrx_word' id='word_1_79' title='bbox 1531 1117 1635 1202; x_wconf 84' lang='lat' dir='ltr'>legem</span> <span class='ocrx_word' id='word_1_80' title='bbox 1666 1116 1751 1181; x_wconf 88' lang='lat' dir='ltr'>illam</span> <span class='ocrx_word' id='word_1_81' title='bbox 1784 1116 1823 1181; x_wconf 90' lang='lat' dir='ltr'>de</span> <span class='ocrx_word' id='word_1_82' title='bbox 1845 1118 2023 1204; x_wconf 78' lang='lat' dir='ltr'>peregrinis</span> 
     </span>
     <span class='ocr_line' id='line_1_8' title="bbox 231 1220 1105 1309; baseline 0 -24"><span class='ocrx_word' id='word_1_83' title='bbox 231 1220 404 1286; x_wconf 92' lang='lat' dir='ltr'>honoribus</span> <span class='ocrx_word' id='word_1_84' title='bbox 426 1223 521 1284; x_wconf 85' lang='lat' dir='ltr'>latam</span> <span class='ocrx_word' id='word_1_85' title='bbox 542 1220 616 1285; x_wconf 91' lang='lat' dir='ltr'>nihil</span> <span class='ocrx_word' id='word_1_86' title='bbox 639 1220 701 1285; x_wconf 91' lang='lat' dir='ltr'>huc</span> <span class='ocrx_word' id='word_1_87' title='bbox 722 1222 829 1286; x_wconf 88' lang='lat' dir='ltr'>valere</span> <span class='ocrx_word' id='word_1_88' title='bbox 850 1223 919 1309; x_wconf 91' lang='lat' dir='ltr'>ipse</span> <span class='ocrx_word' id='word_1_89' title='bbox 942 1220 1105 1286; x_wconf 88' lang='lat' dir='ltr'>concedat.</span> 
     </span>
    </p>

    <p class='ocr_par' dir='ltr' id='par_1_5' title="bbox 225 1318 2027 4412">
     <span class='ocr_line' id='line_1_9' title="bbox 331 1318 2026 1421; baseline 0.002 -28"><span class='ocrx_word' id='word_1_90' title='bbox 331 1327 447 1394; x_wconf 82' lang='lat'>11155</span> <span class='ocrx_word' id='word_1_91' title='bbox 469 1351 476 1392; x_wconf 92' lang='lat'><strong>:</strong></span> <span class='ocrx_word' id='word_1_92' title='bbox 509 1326 605 1412; x_wconf 73' lang='grc' dir='ltr'><strong><em>δῆλον</em></strong></span> <span class='ocrx_word' id='word_1_93' title='bbox 633 1321 681 1394; x_wconf 77' lang='grc' dir='ltr'><strong><em>ὅτι</em></strong></span> <span class='ocrx_word' id='word_1_94' title='bbox 711 1325 805 1414; x_wconf 76' lang='grc' dir='ltr'><strong><em>μέχρι</em></strong></span> <span class='ocrx_word' id='word_1_95' title='bbox 826 1333 883 1416; x_wconf 83' lang='grc' dir='ltr'><strong><em>τῆς</em></strong></span> <span class='ocrx_word' id='word_1_96' title='bbox 903 1323 1028 1415; x_wconf 72' lang='grc' dir='ltr'><strong><em>ἡμέρας</em></strong></span> <span class='ocrx_word' id='word_1_97' title='bbox 1049 1323 1172 1415; x_wconf 77' lang='grc' dir='ltr'><strong><em>ἐκείνης</em></strong></span> <span class='ocrx_word' id='word_1_98' title='bbox 1193 1321 1267 1415; x_wconf 61' lang='lat' dir='ltr'>ivr}</span> <span class='ocrx_word' id='word_1_99' title='bbox 1299 1324 1506 1419; x_wconf 85' lang='grc' dir='ltr'><strong><em>[κατα]λύσας</em></strong></span> <span class='ocrx_word' id='word_1_100' title='bbox 1530 1325 1587 1417; x_wconf 75' lang='grc' dir='ltr'>τήν</span> <span class='ocrx_word' id='word_1_101' title='bbox 1609 1318 1817 1415; x_wconf 70' lang='grc' dir='ltr'><strong><em>ὑπάρχουσαν</em></strong></span> <span class='ocrx_word' id='word_1_102' title='bbox 1839 1324 1964 1420; x_wconf 73' lang='grc' dir='ltr'><strong><em>εἰρήνην</em></strong></span> <span class='ocrx_word' id='word_1_103' title='bbox 1985 1338 2026 1421; x_wconf 84' lang='grc' dir='ltr'><strong><em>τῇ</em></strong></span> 
     </span>
     <span class='ocr_line' id='line_1_10' title="bbox 230 1427 2026 1527; baseline 0.001 -25"><span class='ocrx_word' id='word_1_104' title='bbox 230 1427 325 1502; x_wconf 84' lang='grc' dir='ltr'><strong><em>πόλει</em></strong></span> <span class='ocrx_word' id='word_1_105' title='bbox 353 1430 371 1500; x_wconf 90' lang='grc' dir='ltr'><strong><em>δ</em></strong></span> <span class='ocrx_word' id='word_1_106' title='bbox 398 1430 498 1511; x_wconf 67' lang='lat' dir='ltr'>atinde</span> <span class='ocrx_word' id='word_1_107' title='bbox 523 1427 617 1513; x_wconf 89' lang='grc' dir='ltr'><strong><em>οὗτος</em></strong></span> <span class='ocrx_word' id='word_1_108' title='bbox 647 1433 778 1526; x_wconf 77' lang='grc' dir='ltr'><strong><em>[ῥητωρ]</em></strong></span> <span class='ocrx_word' id='word_1_109' title='bbox 808 1430 934 1526; x_wconf 75' lang='grc' dir='ltr'><strong><em>ἔγραψε</em></strong></span> <span class='ocrx_word' id='word_1_110' title='bbox 961 1434 1018 1502; x_wconf 78' lang='lat' dir='ltr'>cdv</span> <span class='ocrx_word' id='word_1_111' title='bbox 1044 1428 1194 1519; x_wconf 87' lang='grc' dir='ltr'><strong><em>πόλεμον.</em></strong></span> <span class='ocrx_word' id='word_1_112' title='bbox 1247 1437 1296 1502; x_wconf 92' lang='lat' dir='ltr'>Ibi</span> <span class='ocrx_word' id='word_1_113' title='bbox 1329 1460 1367 1503; x_wconf 90' lang='lat' dir='ltr'>ex</span> <span class='ocrx_word' id='word_1_114' title='bbox 1390 1437 1534 1501; x_wconf 90' lang='lat' dir='ltr'>codicum</span> <span class='ocrx_word' id='word_1_115' title='bbox 1556 1438 1698 1523; x_wconf 84' lang='lat' dir='ltr'>vestigiis</span> <span class='ocrx_word' id='word_1_116' title='bbox 1720 1438 1766 1522; x_wconf 88' lang='lat' dir='ltr'>(in</span> <span class='ocrx_word' id='word_1_117' title='bbox 1787 1463 1819 1503; x_wconf 89' lang='lat' dir='ltr'>m</span> <span class='ocrx_word' id='word_1_118' title='bbox 1839 1431 1932 1515; x_wconf 77' lang='grc' dir='ltr'><strong><em>οὗτος</em></strong></span> <span class='ocrx_word' id='word_1_119' title='bbox 1952 1450 2026 1527; x_wconf 92' lang='lat' dir='ltr'>post</span> 
     </span>
     <span class='ocr_line' id='line_1_11' title="bbox 230 1535 2021 1632; baseline 0.003 -25"><span class='ocrx_word' id='word_1_120' title='bbox 230 1536 338 1628; x_wconf 70' lang='grc' dir='ltr'><strong><em>ῥητωρ</em></strong></span> <span class='ocrx_word' id='word_1_121' title='bbox 358 1545 496 1631; x_wconf 93' lang='lat' dir='ltr'>positum</span> <span class='ocrx_word' id='word_1_122' title='bbox 518 1544 580 1625; x_wconf 86' lang='lat' dir='ltr'>est)</span> <span class='ocrx_word' id='word_1_123' title='bbox 608 1553 663 1608; x_wconf 86' lang='lat' dir='ltr'>aut</span> <span class='ocrx_word' id='word_1_124' title='bbox 690 1535 784 1621; x_wconf 81' lang='grc' dir='ltr'><strong><em>οὗτος</em></strong></span> <span class='ocrx_word' id='word_1_125' title='bbox 813 1555 868 1610; x_wconf 92' lang='lat' dir='ltr'>aut</span> <span class='ocrx_word' id='word_1_126' title='bbox 891 1537 999 1632; x_wconf 67' lang='grc' dir='ltr'><strong><em>ῥητωρ</em></strong></span> <span class='ocrx_word' id='word_1_127' title='bbox 1022 1544 1120 1609; x_wconf 89' lang='lat' dir='ltr'>deleri</span> <span class='ocrx_word' id='word_1_128' title='bbox 1142 1543 1246 1609; x_wconf 88' lang='lat' dir='ltr'>debet.</span> <span class='ocrx_word' id='word_1_129' title='bbox 1299 1543 1376 1608; x_wconf 87' lang='lat' dir='ltr'>Veri</span> <span class='ocrx_word' id='word_1_130' title='bbox 1404 1544 1506 1609; x_wconf 90' lang='lat' dir='ltr'>simile</span> <span class='ocrx_word' id='word_1_131' title='bbox 1528 1544 1624 1629; x_wconf 78' lang='lat' dir='ltr'>igitur</span> <span class='ocrx_word' id='word_1_132' title='bbox 1645 1547 1842 1630; x_wconf 85' lang='lat' dir='ltr'>pronominis</span> <span class='ocrx_word' id='word_1_133' title='bbox 1866 1545 2021 1612; x_wconf 90' lang='lat' dir='ltr'>definitio·</span> 
     </span>
     <span class='ocr_line' id='line_1_12' title="bbox 230 1644 2023 1742; baseline 0.002 -27"><span class='ocrx_word' id='word_1_134' title='bbox 230 1673 321 1734; x_wconf 88' lang='lat' dir='ltr'>nem,</span> <span class='ocrx_word' id='word_1_135' title='bbox 347 1652 367 1716; x_wconf 91' lang='lat' dir='ltr'>i.</span> <span class='ocrx_word' id='word_1_136' title='bbox 391 1675 419 1716; x_wconf 89' lang='lat' dir='ltr'>e.</span> <span class='ocrx_word' id='word_1_137' title='bbox 441 1653 578 1717; x_wconf 92' lang='lat' dir='ltr'>nominis</span> <span class='ocrx_word' id='word_1_138' title='bbox 610 1644 716 1741; x_wconf 75' lang='grc' dir='ltr'><strong><em>ῥήτωρ</em></strong></span> <span class='ocrx_word' id='word_1_139' title='bbox 752 1651 964 1717; x_wconf 89' lang='lat' dir='ltr'>adiectionem</span> <span class='ocrx_word' id='word_1_140' title='bbox 986 1653 1152 1717; x_wconf 82' lang='lat' dir='ltr'>insiticiam</span> <span class='ocrx_word' id='word_1_141' title='bbox 1174 1673 1254 1716; x_wconf 87' lang='lat' dir='ltr'>esse.</span> <span class='ocrx_word' id='word_1_142' title='bbox 1321 1653 1429 1739; x_wconf 82' lang='lat' dir='ltr'>Atque</span> <span class='ocrx_word' id='word_1_143' title='bbox 1451 1651 1639 1716; x_wconf 84' lang='lat' dir='ltr'>simillimam</span> <span class='ocrx_word' id='word_1_144' title='bbox 1662 1653 1737 1716; x_wconf 89' lang='lat' dir='ltr'>mihi</span> <span class='ocrx_word' id='word_1_145' title='bbox 1762 1653 2023 1742; x_wconf 80' lang='lat' dir='ltr'>depravationem</span> 
     </span>
     <span class='ocr_line' id='line_1_13' title="bbox 230 1750 2025 1845; baseline 0.002 -21"><span class='ocrx_word' id='word_1_146' title='bbox 230 1759 491 1825; x_wconf 79' lang='lat' dir='ltr'>animadvertisse</span> <span class='ocrx_word' id='word_1_147' title='bbox 513 1760 625 1825; x_wconf 87' lang='lat' dir='ltr'>videor</span> <span class='ocrx_word' id='word_1_148' title='bbox 646 1760 663 1823; x_wconf 95' lang='lat' dir='ltr'>l</span> <span class='ocrx_word' id='word_1_149' title='bbox 686 1761 742 1826; x_wconf 90' lang='lat'>181</span> <span class='ocrx_word' id='word_1_150' title='bbox 766 1783 774 1825; x_wconf 73' lang='grc' dir='ltr'><strong><em>ε</em></strong></span> <span class='ocrx_word' id='word_1_151' title='bbox 806 1750 874 1840; x_wconf 76' lang='grc' dir='ltr'>ἅμα</span> <span class='ocrx_word' id='word_1_152' title='bbox 901 1758 938 1826; x_wconf 80' lang='grc' dir='ltr'>δὲ</span> <span class='ocrx_word' id='word_1_153' title='bbox 965 1757 1199 1845; x_wconf 77' lang='grc' dir='ltr'><strong><em>παρακαλέσας</em></strong></span> <span class='ocrx_word' id='word_1_154' title='bbox 1225 1753 1320 1823; x_wconf 73' lang='grc' dir='ltr'><strong><em>ἄλλον</em></strong></span> <span class='ocrx_word' id='word_1_155' title='bbox 1345 1754 1417 1824; x_wconf 75' lang='grc' dir='ltr'><strong><em>τινα</em></strong></span> <span class='ocrx_word' id='word_1_156' title='bbox 1436 1764 1499 1824; x_wconf 82' lang='grc' dir='ltr'><strong><em>τῶν</em></strong></span> <span class='ocrx_word' id='word_1_157' title='bbox 1519 1757 1786 1840; x_wconf 75' lang='grc' dir='ltr'><strong><em>Λακεδαιμονίων</em></strong></span> <span class='ocrx_word' id='word_1_158' title='bbox 1809 1756 2025 1843; x_wconf 80' lang='grc' dir='ltr'><strong><em>..ἐπέταξεν</em></strong></span> 
     </span>
     <span class='ocr_line' id='line_1_14' title="bbox 229 1854 2024 1958; baseline 0.002 -25"><span class='ocrx_word' id='word_1_159' title='bbox 229 1861 320 1952; x_wconf 71' lang='grc' dir='ltr'><strong><em>αὐτῷ</em></strong></span> <span class='ocrx_word' id='word_1_160' title='bbox 339 1859 400 1945; x_wconf 75' lang='grc' dir='ltr'><strong><em>τας</em></strong></span> <span class='ocrx_word' id='word_1_161' title='bbox 420 1857 521 1944; x_wconf 70' lang='lat' dir='ltr'>erduic</span> <span class='ocrx_word' id='word_1_162' title='bbox 542 1862 647 1932; x_wconf 80' lang='grc' dir='ltr'><strong><em>εἰπεῖν</em></strong></span> <span class='ocrx_word' id='word_1_163' title='bbox 667 1857 794 1954; x_wconf 76' lang='grc' dir='ltr'><strong><em>γνώμας</em></strong></span> <span class='ocrx_word' id='word_1_164' title='bbox 815 1861 918 1944; x_wconf 79' lang='grc' dir='ltr'><strong><em>οὕτως</em></strong></span> <span class='ocrx_word' id='word_1_165' title='bbox 937 1861 1029 1943; x_wconf 82' lang='grc' dir='ltr'><strong><em>ὅπως</em></strong></span> <span class='ocrx_word' id='word_1_166' title='bbox 1050 1862 1089 1931; x_wconf 73' lang='grc' dir='ltr'>δν</span> <span class='ocrx_word' id='word_1_167' title='bbox 1111 1858 1257 1952; x_wconf 77' lang='grc' dir='ltr'><strong><em>δύνηται,</em></strong></span> <span class='ocrx_word' id='word_1_168' title='bbox 1291 1854 1341 1954; x_wconf 69' lang='grc' dir='ltr'>[ὃς</span> <span class='ocrx_word' id='word_1_169' title='bbox 1363 1857 1454 1932; x_wconf 75' lang='grc' dir='ltr'><strong><em>εἶπεν</em></strong></span> <span class='ocrx_word' id='word_1_170' title='bbox 1475 1862 1493 1931; x_wconf 89' lang='grc' dir='ltr'>ὁ</span> <span class='ocrx_word' id='word_1_171' title='bbox 1514 1857 1677 1954; x_wconf 88' lang='grc' dir='ltr'><strong><em>πρότερος</em></strong></span> <span class='ocrx_word' id='word_1_172' title='bbox 1697 1856 1826 1958; x_wconf 68' lang='grc' dir='ltr'><strong><em>ῥητωρλ</em></strong></span> <span class='ocrx_word' id='word_1_173' title='bbox 1877 1870 1962 1935; x_wconf 85' lang='lat' dir='ltr'>Nem</span> <span class='ocrx_word' id='word_1_174' title='bbox 1983 1871 2024 1936; x_wconf 86' lang='lat' dir='ltr'>ab</span> 
     </span>
     <span class='ocr_line' id='line_1_15' title="bbox 229 1975 2024 2073; baseline 0.003 -34"><span class='ocrx_word' id='word_1_175' title='bbox 229 1975 299 2063; x_wconf 91' lang='lat' dir='ltr'>ipso</span> <span class='ocrx_word' id='word_1_176' title='bbox 330 1984 455 2040; x_wconf 88' lang='lat' dir='ltr'>oratore</span> <span class='ocrx_word' id='word_1_177' title='bbox 486 1975 568 2073; x_wconf 76' lang='lat' dir='ltr'>hanc</span> <span class='ocrx_word' id='word_1_178' title='bbox 597 1978 786 2041; x_wconf 88' lang='lat' dir='ltr'>sententiam</span> <span class='ocrx_word' id='word_1_179' title='bbox 818 1985 990 2040; x_wconf 87' lang='lat' dir='ltr'>extremam</span> <span class='ocrx_word' id='word_1_180' title='bbox 1023 1997 1088 2039; x_wconf 94' lang='lat' dir='ltr'>non</span> <span class='ocrx_word' id='word_1_181' title='bbox 1115 1975 1269 2041; x_wconf 88' lang='lat' dir='ltr'>adiectam</span> <span class='ocrx_word' id='word_1_182' title='bbox 1300 1999 1387 2059; x_wconf 89' lang='lat' dir='ltr'>esse,</span> <span class='ocrx_word' id='word_1_183' title='bbox 1424 1976 1622 2041; x_wconf 86' lang='lat' dir='ltr'>convincitur</span> <span class='ocrx_word' id='word_1_184' title='bbox 1644 1975 1738 2040; x_wconf 89' lang='lat' dir='ltr'>credo</span> <span class='ocrx_word' id='word_1_185' title='bbox 1761 1978 1929 2044; x_wconf 85' lang='lat' dir='ltr'>manifesto</span> <span class='ocrx_word' id='word_1_186' title='bbox 1952 2002 2024 2044; x_wconf 91' lang='lat' dir='ltr'>cum</span> 
     </span>
     <span class='ocr_line' id='line_1_16' title="bbox 230 2081 2026 2169; baseline 0.001 -20"><span class='ocrx_word' id='word_1_187' title='bbox 230 2085 405 2149; x_wconf 85' lang='lat' dir='ltr'>sententiae</span> <span class='ocrx_word' id='word_1_188' title='bbox 438 2083 591 2148; x_wconf 89' lang='lat' dir='ltr'>dissoluta</span> <span class='ocrx_word' id='word_1_189' title='bbox 621 2083 837 2148; x_wconf 88' lang='lat' dir='ltr'>conlocatione</span> <span class='ocrx_word' id='word_1_190' title='bbox 865 2092 933 2146; x_wconf 90' lang='lat' dir='ltr'>turn</span> <span class='ocrx_word' id='word_1_191' title='bbox 964 2082 1098 2147; x_wconf 87' lang='lat' dir='ltr'>molesta</span> <span class='ocrx_word' id='word_1_192' title='bbox 1127 2083 1267 2148; x_wconf 88' lang='lat' dir='ltr'>eiusdem</span> <span class='ocrx_word' id='word_1_193' title='bbox 1297 2083 1388 2148; x_wconf 88' lang='lat' dir='ltr'>verbi</span> <span class='ocrx_word' id='word_1_194' title='bbox 1418 2081 1542 2146; x_wconf 91' lang='lat' dir='ltr'>dicendi</span> <span class='ocrx_word' id='word_1_195' title='bbox 1564 2084 1766 2169; x_wconf 87' lang='lat' dir='ltr'>repetitione.</span> <span class='ocrx_word' id='word_1_196' title='bbox 1809 2084 1894 2149; x_wconf 90' lang='lat' dir='ltr'>Nam</span> <span class='ocrx_word' id='word_1_197' title='bbox 1916 2086 1942 2149; x_wconf 93' lang='lat' dir='ltr'>si</span> <span class='ocrx_word' id='word_1_198' title='bbox 1964 2087 2026 2152; x_wconf 90' lang='lat' dir='ltr'>hoc</span> 
     </span>
     <span class='ocr_line' id='line_1_17' title="bbox 231 2177 2024 2275; baseline 0.003 -20"><span class='ocrx_word' id='word_1_199' title='bbox 231 2190 381 2255; x_wconf 82' lang='lat' dir='ltr'>voluisset</span> <span class='ocrx_word' id='word_1_200' title='bbox 403 2188 520 2254; x_wconf 88' lang='lat' dir='ltr'>addere</span> <span class='ocrx_word' id='word_1_201' title='bbox 543 2191 748 2271; x_wconf 90' lang='lat' dir='ltr'>enuntiatum,</span> <span class='ocrx_word' id='word_1_202' title='bbox 772 2199 856 2254; x_wconf 88' lang='lat' dir='ltr'>certe</span> <span class='ocrx_word' id='word_1_203' title='bbox 878 2189 962 2253; x_wconf 90' lang='lat' dir='ltr'>hunc</span> <span class='ocrx_word' id='word_1_204' title='bbox 983 2191 1016 2252; x_wconf 90' lang='lat' dir='ltr'>in</span> <span class='ocrx_word' id='word_1_205' title='bbox 1038 2177 1167 2254; x_wconf 82' lang='lat' dir='ltr'>modum</span> <span class='ocrx_word' id='word_1_206' title='bbox 1188 2189 1373 2254; x_wconf 87' lang='lat' dir='ltr'>extulisset:</span> <span class='ocrx_word' id='word_1_207' title='bbox 1397 2187 1553 2268; x_wconf 72' lang='grc' dir='ltr'>ἐπέταξεν</span> <span class='ocrx_word' id='word_1_208' title='bbox 1575 2179 1667 2273; x_wconf 71' lang='grc' dir='ltr'><strong><em>αὐτῷ</em></strong></span> <span class='ocrx_word' id='word_1_209' title='bbox 1688 2185 1747 2265; x_wconf 74' lang='grc' dir='ltr'><strong><em>τοῖς</em></strong></span> <span class='ocrx_word' id='word_1_210' title='bbox 1770 2186 1882 2275; x_wconf 71' lang='grc' dir='ltr'><strong><em>αὐτοῖς,</em></strong></span> <span class='ocrx_word' id='word_1_211' title='bbox 1905 2180 1948 2270; x_wconf 66' lang='grc' dir='ltr'>ἃς</span> <span class='ocrx_word' id='word_1_212' title='bbox 1969 2194 2024 2260; x_wconf 85' lang='grc' dir='ltr'><strong><em>καλ</em></strong></span> 
     </span>
     <span class='ocr_line' id='line_1_18' title="bbox 229 2286 2023 2384; baseline 0.001 -20"><span class='ocrx_word' id='word_1_213' title='bbox 229 2288 430 2384; x_wconf 83' lang='grc' dir='ltr'><strong><em>ὁπρδτερος</em></strong></span> <span class='ocrx_word' id='word_1_214' title='bbox 457 2288 583 2384; x_wconf 73' lang='grc' dir='ltr'><strong><em>ῥητωρ,</em></strong></span> <span class='ocrx_word' id='word_1_215' title='bbox 617 2292 722 2362; x_wconf 85' lang='grc' dir='ltr'><strong><em>εἰπεῖν</em></strong></span> <span class='ocrx_word' id='word_1_216' title='bbox 749 2288 875 2382; x_wconf 76' lang='grc' dir='ltr'><strong><em>γνώμας</em></strong></span> <span class='ocrx_word' id='word_1_217' title='bbox 895 2289 999 2372; x_wconf 79' lang='grc' dir='ltr'><strong><em>οὕτως</em></strong></span> <span class='ocrx_word' id='word_1_218' title='bbox 1020 2286 1112 2372; x_wconf 81' lang='grc' dir='ltr'><strong><em>ὅπως</em></strong></span> <span class='ocrx_word' id='word_1_219' title='bbox 1133 2291 1171 2360; x_wconf 78' lang='grc' dir='ltr'>ἄν</span> <span class='ocrx_word' id='word_1_220' title='bbox 1193 2288 1332 2383; x_wconf 78' lang='grc' dir='ltr'><strong><em>δύνηται.</em></strong></span> <span class='ocrx_word' id='word_1_221' title='bbox 1378 2295 1512 2361; x_wconf 84' lang='lat' dir='ltr'>Accedit</span> <span class='ocrx_word' id='word_1_222' title='bbox 1534 2296 1619 2383; x_wconf 90' lang='lat' dir='ltr'>quod</span> <span class='ocrx_word' id='word_1_223' title='bbox 1643 2297 1704 2362; x_wconf 91' lang='lat' dir='ltr'>hoc</span> <span class='ocrx_word' id='word_1_224' title='bbox 1726 2308 1904 2364; x_wconf 88' lang='lat' dir='ltr'>extremum</span> <span class='ocrx_word' id='word_1_225' title='bbox 1926 2323 2023 2365; x_wconf 91' lang='lat' dir='ltr'>mem·</span> 
     </span>
     <span class='ocr_line' id='line_1_19' title="bbox 229 2403 2024 2493; baseline 0.001 -21"><span class='ocrx_word' id='word_1_226' title='bbox 229 2407 321 2473; x_wconf 92' lang='lat' dir='ltr'>brnm</span> <span class='ocrx_word' id='word_1_227' title='bbox 350 2405 562 2493; x_wconf 86' lang='lat' dir='ltr'>significantia</span> <span class='ocrx_word' id='word_1_228' title='bbox 592 2405 727 2491; x_wconf 87' lang='lat' dir='ltr'>quadem</span> <span class='ocrx_word' id='word_1_229' title='bbox 759 2405 877 2469; x_wconf 90' lang='lat' dir='ltr'>elatum</span> <span class='ocrx_word' id='word_1_230' title='bbox 910 2416 1088 2470; x_wconf 88' lang='lat' dir='ltr'>extremum</span> <span class='ocrx_word' id='word_1_231' title='bbox 1109 2405 1204 2469; x_wconf 91' lang='lat' dir='ltr'>totius</span> <span class='ocrx_word' id='word_1_232' title='bbox 1226 2407 1381 2469; x_wconf 90' lang='lat' dir='ltr'>enuntiati</span> <span class='ocrx_word' id='word_1_233' title='bbox 1402 2404 1507 2468; x_wconf 88' lang='lat' dir='ltr'>locum</span> <span class='ocrx_word' id='word_1_234' title='bbox 1529 2414 1637 2470; x_wconf 91' lang='lat' dir='ltr'>tenere</span> <span class='ocrx_word' id='word_1_235' title='bbox 1658 2416 1793 2492; x_wconf 91' lang='lat' dir='ltr'>oportet.</span> <span class='ocrx_word' id='word_1_236' title='bbox 1839 2403 1906 2472; x_wconf 86' lang='lat' dir='ltr'>Sed</span> <span class='ocrx_word' id='word_1_237' title='bbox 1927 2407 2024 2473; x_wconf 90' lang='lat' dir='ltr'>redeo</span> 
     </span>
     <span class='ocr_line' id='line_1_20' title="bbox 229 2506 2027 2602; baseline -0.001 -22"><span class='ocrx_word' id='word_1_238' title='bbox 229 2513 270 2580; x_wconf 88' lang='lat' dir='ltr'>ad</span> <span class='ocrx_word' id='word_1_239' title='bbox 291 2512 344 2580; x_wconf 87' lang='lat'>111</span> <span class='ocrx_word' id='word_1_240' title='bbox 365 2515 415 2579; x_wconf 74' lang='lat' dir='ltr'>hb.</span> <span class='ocrx_word' id='word_1_241' title='bbox 459 2512 657 2599; x_wconf 88' lang='lat' dir='ltr'>Proposuisti</span> <span class='ocrx_word' id='word_1_242' title='bbox 686 2513 769 2577; x_wconf 91' lang='lat' dir='ltr'>enim</span> <span class='ocrx_word' id='word_1_243' title='bbox 796 2533 854 2599; x_wconf 92' lang='lat' dir='ltr'>pro</span> <span class='ocrx_word' id='word_1_244' title='bbox 882 2511 979 2596; x_wconf 78' lang='grc' dir='ltr'><strong><em>μέχρι</em></strong></span> <span class='ocrx_word' id='word_1_245' title='bbox 1006 2513 1063 2600; x_wconf 78' lang='grc' dir='ltr'><strong><em>τῆς</em></strong></span> <span class='ocrx_word' id='word_1_246' title='bbox 1091 2506 1226 2593; x_wconf 81' lang='grc' dir='ltr'><strong><em>α’τιιχλας</em></strong></span> <span class='ocrx_word' id='word_1_247' title='bbox 1253 2512 1308 2599; x_wconf 83' lang='grc' dir='ltr'><strong><em>τῆς</em></strong></span> <span class='ocrx_word' id='word_1_248' title='bbox 1329 2509 1362 2578; x_wconf 80' lang='grc' dir='ltr'>ἐν</span> <span class='ocrx_word' id='word_1_249' title='bbox 1386 2511 1575 2598; x_wconf 76' lang='grc' dir='ltr'><strong><em>Χαιρωνείᾳ</em></strong></span> <span class='ocrx_word' id='word_1_250' title='bbox 1596 2513 1735 2578; x_wconf 89' lang='lat' dir='ltr'>scribere</span> <span class='ocrx_word' id='word_1_251' title='bbox 1759 2537 1767 2577; x_wconf 92' lang='lat'>:</span> <span class='ocrx_word' id='word_1_252' title='bbox 1791 2512 1890 2602; x_wconf 82' lang='grc' dir='ltr'><strong><em>μέχρι</em></strong></span> <span class='ocrx_word' id='word_1_253' title='bbox 1910 2508 2027 2579; x_wconf 79' lang='grc' dir='ltr'><strong><em>τῶνὲν</em></strong></span> 
     </span>
     <span class='ocr_line' id='line_1_21' title="bbox 228 2614 2025 2709; baseline -0.001 -20"><span class='ocrx_word' id='word_1_254' title='bbox 228 2619 428 2709; x_wconf 76' lang='grc' dir='ltr'><strong><em>Χαιρωνείᾳ,</em></strong></span> <span class='ocrx_word' id='word_1_255' title='bbox 450 2621 637 2685; x_wconf 79' lang='lat' dir='ltr'>auctoritate</span> <span class='ocrx_word' id='word_1_256' title='bbox 659 2622 773 2706; x_wconf 93' lang='lat' dir='ltr'>opinor</span> <span class='ocrx_word' id='word_1_257' title='bbox 796 2619 940 2683; x_wconf 89' lang='lat' dir='ltr'>codicum</span> <span class='ocrx_word' id='word_1_258' title='bbox 961 2621 993 2683; x_wconf 92' lang='lat' dir='ltr'>A</span> <span class='ocrx_word' id='word_1_259' title='bbox 1015 2617 1185 2701; x_wconf 89' lang='lat' dir='ltr'>adductus,</span> <span class='ocrx_word' id='word_1_260' title='bbox 1208 2620 1262 2707; x_wconf 90' lang='lat' dir='ltr'>qui</span> <span class='ocrx_word' id='word_1_261' title='bbox 1282 2625 1344 2685; x_wconf 84' lang='grc' dir='ltr'><strong><em>τῶν</em></strong></span> <span class='ocrx_word' id='word_1_262' title='bbox 1365 2614 1397 2683; x_wconf 81' lang='grc' dir='ltr'>ἐν</span> <span class='ocrx_word' id='word_1_263' title='bbox 1421 2627 1451 2686; x_wconf 88' lang='grc' dir='ltr'><strong><em>Χ</em></strong></span> <span class='ocrx_word' id='word_1_264' title='bbox 1472 2643 1531 2708; x_wconf 92' lang='lat' dir='ltr'>pro</span> <span class='ocrx_word' id='word_1_265' title='bbox 1552 2622 1610 2706; x_wconf 80' lang='grc' dir='ltr'><strong><em>τῆς</em></strong></span> <span class='ocrx_word' id='word_1_266' title='bbox 1630 2618 1664 2685; x_wconf 82' lang='grc' dir='ltr'>ἐν</span> <span class='ocrx_word' id='word_1_267' title='bbox 1686 2627 1721 2686; x_wconf 88' lang='grc' dir='ltr'><strong><em>Χ</em></strong></span> <span class='ocrx_word' id='word_1_268' title='bbox 1741 2631 1912 2708; x_wconf 84' lang='lat' dir='ltr'>praestant.</span> <span class='ocrx_word' id='word_1_269' title='bbox 1957 2618 2025 2687; x_wconf 87' lang='lat' dir='ltr'>Sed</span> 
     </span>
     <span class='ocr_line' id='line_1_22' title="bbox 229 2727 2024 2807; baseline -0.001 -12"><span class='ocrx_word' id='word_1_270' title='bbox 229 2728 372 2795; x_wconf 89' lang='lat' dir='ltr'>codicum</span> <span class='ocrx_word' id='word_1_271' title='bbox 396 2729 549 2793; x_wconf 91' lang='lat' dir='ltr'>eiusmodi</span> <span class='ocrx_word' id='word_1_272' title='bbox 571 2729 603 2791; x_wconf 91' lang='lat' dir='ltr'>in</span> <span class='ocrx_word' id='word_1_273' title='bbox 626 2727 721 2792; x_wconf 90' lang='lat' dir='ltr'>rebus</span> <span class='ocrx_word' id='word_1_274' title='bbox 743 2727 829 2791; x_wconf 91' lang='lat' dir='ltr'>nulla</span> <span class='ocrx_word' id='word_1_275' title='bbox 851 2736 900 2792; x_wconf 86' lang='lat' dir='ltr'>est</span> <span class='ocrx_word' id='word_1_276' title='bbox 921 2729 1101 2793; x_wconf 81' lang='lat' dir='ltr'>auctoritas.</span> <span class='ocrx_word' id='word_1_277' title='bbox 1146 2727 1216 2791; x_wconf 90' lang='lat' dir='ltr'>Nec</span> <span class='ocrx_word' id='word_1_278' title='bbox 1236 2728 1315 2792; x_wconf 91' lang='lat' dir='ltr'>mihi</span> <span class='ocrx_word' id='word_1_279' title='bbox 1337 2728 1487 2793; x_wconf 90' lang='lat' dir='ltr'>credibile</span> <span class='ocrx_word' id='word_1_280' title='bbox 1509 2727 1643 2807; x_wconf 86' lang='lat' dir='ltr'>videtur,</span> <span class='ocrx_word' id='word_1_281' title='bbox 1665 2739 1823 2793; x_wconf 82' lang='lat' dir='ltr'>oratorem</span> <span class='ocrx_word' id='word_1_282' title='bbox 1844 2731 1890 2794; x_wconf 88' lang='lat' dir='ltr'>ira</span> <span class='ocrx_word' id='word_1_283' title='bbox 1910 2729 2024 2795; x_wconf 88' lang='lat' dir='ltr'>arden·</span> 
     </span>
     <span class='ocr_line' id='line_1_23' title="bbox 230 2824 2025 2924; baseline 0.001 -22"><span class='ocrx_word' id='word_1_284' title='bbox 230 2846 296 2903; x_wconf 91' lang='lat' dir='ltr'>tem</span> <span class='ocrx_word' id='word_1_285' title='bbox 316 2846 478 2924; x_wconf 91' lang='lat' dir='ltr'>tamquam</span> <span class='ocrx_word' id='word_1_286' title='bbox 509 2824 640 2921; x_wconf 72' lang='grc' dir='ltr'><strong><em>ψυχράν</em></strong></span> <span class='ocrx_word' id='word_1_287' title='bbox 660 2830 715 2901; x_wconf 78' lang='grc' dir='ltr'>ἐπὶ</span> <span class='ocrx_word' id='word_1_288' title='bbox 741 2838 896 2919; x_wconf 74' lang='grc' dir='ltr'><strong><em>θερμοῖσι</em></strong></span> <span class='ocrx_word' id='word_1_289' title='bbox 918 2833 1055 2920; x_wconf 86' lang='grc' dir='ltr'><strong><em>καρδλαν</em></strong></span> <span class='ocrx_word' id='word_1_290' title='bbox 1077 2830 1190 2916; x_wconf 77' lang='grc' dir='ltr'><strong><em>ἔχοντα</em></strong></span> <span class='ocrx_word' id='word_1_291' title='bbox 1215 2836 1297 2898; x_wconf 89' lang='lat' dir='ltr'>istuc</span> <span class='ocrx_word' id='word_1_292' title='bbox 1330 2845 1393 2899; x_wconf 89' lang='lat' dir='ltr'>tam</span> <span class='ocrx_word' id='word_1_293' title='bbox 1423 2833 1574 2922; x_wconf 86' lang='lat' dir='ltr'>frigidum</span> <span class='ocrx_word' id='word_1_294' title='bbox 1597 2834 1745 2900; x_wconf 85' lang='lat' dir='ltr'>effudisse</span> <span class='ocrx_word' id='word_1_295' title='bbox 1780 2831 1876 2922; x_wconf 84' lang='grc' dir='ltr'><strong><em>μέχρι</em></strong></span> <span class='ocrx_word' id='word_1_296' title='bbox 1903 2843 1966 2901; x_wconf 81' lang='grc' dir='ltr'><strong><em>τῶν</em></strong></span> <span class='ocrx_word' id='word_1_297' title='bbox 1992 2832 2025 2904; x_wconf 72' lang='grc' dir='ltr'>ἓν</span> 
     </span>
     <span class='ocr_line' id='line_1_24' title="bbox 229 2941 2023 3030; baseline -0.002 -19"><span class='ocrx_word' id='word_1_298' title='bbox 229 2941 427 3030; x_wconf 80' lang='grc' dir='ltr'><strong><em>Χαιρωνείᾳ.</em></strong></span> <span class='ocrx_word' id='word_1_299' title='bbox 472 2942 627 3009; x_wconf 83' lang='lat' dir='ltr'>Codicum</span> <span class='ocrx_word' id='word_1_300' title='bbox 655 2943 825 3030; x_wconf 87' lang='lat' dir='ltr'>scriptores</span> <span class='ocrx_word' id='word_1_301' title='bbox 854 2942 1002 3006; x_wconf 90' lang='lat' dir='ltr'>nimirum</span> <span class='ocrx_word' id='word_1_302' title='bbox 1030 2943 1152 3006; x_wconf 88' lang='lat' dir='ltr'>illorum</span> <span class='ocrx_word' id='word_1_303' title='bbox 1182 2942 1236 3028; x_wconf 92' lang='lat' dir='ltr'>qui</span> <span class='ocrx_word' id='word_1_304' title='bbox 1265 2965 1376 3030; x_wconf 86' lang='lat' dir='ltr'>pugne</span> <span class='ocrx_word' id='word_1_305' title='bbox 1398 2945 1480 3007; x_wconf 90' lang='lat' dir='ltr'>caesi</span> <span class='ocrx_word' id='word_1_306' title='bbox 1503 2943 1629 3006; x_wconf 90' lang='lat' dir='ltr'>fuerant</span> <span class='ocrx_word' id='word_1_307' title='bbox 1650 2944 1861 3008; x_wconf 84' lang='lat' dir='ltr'>calamitatem</span> <span class='ocrx_word' id='word_1_308' title='bbox 1883 2944 1944 3008; x_wconf 89' lang='lat' dir='ltr'>sibi</span> <span class='ocrx_word' id='word_1_309' title='bbox 1964 2943 2023 3008; x_wconf 88' lang='lat' dir='ltr'>liu·</span> 
     </span>
     <span class='ocr_line' id='line_1_25' title="bbox 228 3040 2025 3139; baseline 0 -22"><span class='ocrx_word' id='word_1_310' title='bbox 228 3061 351 3117; x_wconf 90' lang='lat' dir='ltr'>xerunt.</span> <span class='ocrx_word' id='word_1_311' title='bbox 401 3051 501 3116; x_wconf 85' lang='lat' dir='ltr'>Psulo</span> <span class='ocrx_word' id='word_1_312' title='bbox 524 3060 597 3139; x_wconf 89' lang='lat' dir='ltr'>post</span> <span class='ocrx_word' id='word_1_313' title='bbox 618 3052 809 3116; x_wconf 87' lang='lat' dir='ltr'>exstinctum</span> <span class='ocrx_word' id='word_1_314' title='bbox 837 3051 965 3114; x_wconf 87' lang='lat' dir='ltr'>voluisti</span> <span class='ocrx_word' id='word_1_315' title='bbox 995 3050 1055 3113; x_wconf 90' lang='lat' dir='ltr'>hoc</span> <span class='ocrx_word' id='word_1_316' title='bbox 1082 3052 1309 3115; x_wconf 77' lang='lat' dir='ltr'>enuntiatum:</span> <span class='ocrx_word' id='word_1_317' title='bbox 1340 3046 1462 3115; x_wconf 86' lang='grc' dir='ltr'><strong><em>δπσίοο</em></strong></span> <span class='ocrx_word' id='word_1_318' title='bbox 1487 3040 1611 3116; x_wconf 77' lang='grc' dir='ltr'><strong><em>τούτων</em></strong></span> <span class='ocrx_word' id='word_1_319' title='bbox 1637 3057 1699 3115; x_wconf 81' lang='grc' dir='ltr'><strong><em>τῶν</em></strong></span> <span class='ocrx_word' id='word_1_320' title='bbox 1726 3043 1891 3137; x_wconf 70' lang='grc' dir='ltr'><strong><em>τεττάρων</em></strong></span> <span class='ocrx_word' id='word_1_321' title='bbox 1921 3047 2025 3117; x_wconf 69' lang='grc' dir='ltr'><strong><em>αὐτοῦ</em></strong></span> 
     </span>
     <span class='ocr_line' id='line_1_26' title="bbox 227 3156 2023 3247; baseline 0.002 -25"><span class='ocrx_word' id='word_1_322' title='bbox 227 3165 350 3247; x_wconf 77' lang='grc' dir='ltr'><strong><em>καιρῶν</em></strong></span> <span class='ocrx_word' id='word_1_323' title='bbox 371 3159 553 3246; x_wconf 77' lang='grc' dir='ltr'><strong><em>κατηγορῶ,</em></strong></span> <span class='ocrx_word' id='word_1_324' title='bbox 582 3157 656 3244; x_wconf 88' lang='lat' dir='ltr'>quis</span> <span class='ocrx_word' id='word_1_325' title='bbox 683 3156 832 3222; x_wconf 85' lang='lat' dir='ltr'>videlicet</span> <span class='ocrx_word' id='word_1_326' title='bbox 863 3157 1060 3222; x_wconf 82' lang='lat' dir='ltr'>desideratur</span> <span class='ocrx_word' id='word_1_327' title='bbox 1092 3159 1123 3221; x_wconf 92' lang='lat' dir='ltr'>in</span> <span class='ocrx_word' id='word_1_328' title='bbox 1145 3159 1328 3223; x_wconf 91' lang='lat' dir='ltr'>melioribus</span> <span class='ocrx_word' id='word_1_329' title='bbox 1350 3158 1546 3244; x_wconf 79' lang='lat' dir='ltr'>codicibus(</span> <span class='ocrx_word' id='word_1_330' title='bbox 1580 3159 1603 3243; x_wconf 84' lang='lat'>).</span> <span class='ocrx_word' id='word_1_331' title='bbox 1646 3161 1692 3223; x_wconf 91' lang='lat' dir='ltr'>At</span> <span class='ocrx_word' id='word_1_332' title='bbox 1713 3160 1789 3224; x_wconf 89' lang='lat' dir='ltr'>istos</span> <span class='ocrx_word' id='word_1_333' title='bbox 1813 3161 2023 3225; x_wconf 87' lang='lat' dir='ltr'>cummaxime</span> 
     </span>
     <span class='ocr_line' id='line_1_27' title="bbox 228 3265 2022 3356; baseline 0.001 -24"><span class='ocrx_word' id='word_1_334' title='bbox 228 3268 324 3333; x_wconf 90' lang='lat' dir='ltr'>libros</span> <span class='ocrx_word' id='word_1_335' title='bbox 345 3268 467 3332; x_wconf 88' lang='lat' dir='ltr'>lacunis</span> <span class='ocrx_word' id='word_1_336' title='bbox 488 3266 633 3331; x_wconf 84' lang='lat' dir='ltr'>laborare</span> <span class='ocrx_word' id='word_1_337' title='bbox 657 3286 716 3328; x_wconf 93' lang='lat' dir='ltr'>nec</span> <span class='ocrx_word' id='word_1_338' title='bbox 731 3265 791 3329; x_wconf 91' lang='lat' dir='ltr'>hoc</span> <span class='ocrx_word' id='word_1_339' title='bbox 812 3266 843 3329; x_wconf 93' lang='lat' dir='ltr'>in</span> <span class='ocrx_word' id='word_1_340' title='bbox 865 3286 984 3351; x_wconf 83' lang='lat' dir='ltr'>genere</span> <span class='ocrx_word' id='word_1_341' title='bbox 1005 3265 1100 3330; x_wconf 88' lang='lat' dir='ltr'>ullam</span> <span class='ocrx_word' id='word_1_342' title='bbox 1123 3288 1232 3329; x_wconf 88' lang='lat' dir='ltr'>eorum</span> <span class='ocrx_word' id='word_1_343' title='bbox 1254 3269 1473 3332; x_wconf 88' lang='lat' dir='ltr'>auctoritatem</span> <span class='ocrx_word' id='word_1_344' title='bbox 1488 3288 1567 3348; x_wconf 90' lang='lat' dir='ltr'>esse,</span> <span class='ocrx_word' id='word_1_345' title='bbox 1591 3265 1807 3332; x_wconf 85' lang='lat' dir='ltr'>demonstravi</span> <span class='ocrx_word' id='word_1_346' title='bbox 1823 3269 1854 3332; x_wconf 93' lang='lat' dir='ltr'>in</span> <span class='ocrx_word' id='word_1_347' title='bbox 1870 3268 2022 3356; x_wconf 83' lang='lat' dir='ltr'>Prolegg.</span> 
     </span>
     <span class='ocr_line' id='line_1_28' title="bbox 229 3364 2026 3464; baseline -0.001 -24"><span class='ocrx_word' id='word_1_348' title='bbox 229 3373 370 3464; x_wconf 80' lang='lat' dir='ltr'>Ctesiph.</span> <span class='ocrx_word' id='word_1_349' title='bbox 392 3399 423 3464; x_wconf 94' lang='lat' dir='ltr'>p.</span> <span class='ocrx_word' id='word_1_350' title='bbox 446 3374 504 3440; x_wconf 91' lang='lat' dir='ltr'>VI.</span> <span class='ocrx_word' id='word_1_351' title='bbox 526 3374 601 3439; x_wconf 88' lang='lat' dir='ltr'>VH.</span> <span class='ocrx_word' id='word_1_352' title='bbox 656 3371 764 3451; x_wconf 79' lang='lat' dir='ltr'>Quare</span> <span class='ocrx_word' id='word_1_353' title='bbox 794 3375 890 3437; x_wconf 84' lang='lat' dir='ltr'>satius</span> <span class='ocrx_word' id='word_1_354' title='bbox 921 3373 1063 3437; x_wconf 86' lang='lat' dir='ltr'>duxerim</span> <span class='ocrx_word' id='word_1_355' title='bbox 1094 3375 1253 3458; x_wconf 85' lang='lat' dir='ltr'>corrigere</span> <span class='ocrx_word' id='word_1_356' title='bbox 1283 3386 1338 3438; x_wconf 86' lang='lat' dir='ltr'>aut</span> <span class='ocrx_word' id='word_1_357' title='bbox 1365 3373 1465 3439; x_wconf 81' lang='grc' dir='ltr'><strong><em>ποίου</em></strong></span> <span class='ocrx_word' id='word_1_358' title='bbox 1491 3372 1614 3439; x_wconf 77' lang='grc' dir='ltr'><strong><em>τούτων</em></strong></span> <span class='ocrx_word' id='word_1_359' title='bbox 1641 3380 1702 3439; x_wconf 87' lang='grc' dir='ltr'><strong><em>τιῦν</em></strong></span> <span class='ocrx_word' id='word_1_360' title='bbox 1729 3364 1892 3461; x_wconf 69' lang='grc' dir='ltr'><strong><em>τεττάρων</em></strong></span> <span class='ocrx_word' id='word_1_361' title='bbox 1923 3365 2026 3440; x_wconf 74' lang='lat' dir='ltr'>adteri</span> 
     </span>
     <span class='ocr_line' id='line_1_29' title="bbox 226 3470 2024 3572; baseline 0 -25"><span class='ocrx_word' id='word_1_362' title='bbox 226 3488 352 3572; x_wconf 76' lang='grc' dir='ltr'><strong><em>καιρῶν</em></strong></span> <span class='ocrx_word' id='word_1_363' title='bbox 380 3488 545 3570; x_wconf 80' lang='grc' dir='ltr'><strong><em>κατηγορῶ</em></strong></span> <span class='ocrx_word' id='word_1_364' title='bbox 574 3472 630 3547; x_wconf 81' lang='grc' dir='ltr'><strong><em>καλ</em></strong></span> <span class='ocrx_word' id='word_1_365' title='bbox 656 3474 737 3546; x_wconf 82' lang='grc' dir='ltr'><strong><em>πότε</em></strong></span> <span class='ocrx_word' id='word_1_366' title='bbox 764 3470 859 3546; x_wconf 71' lang='grc' dir='ltr'><strong><em>αὐτὸν</em></strong></span> <span class='ocrx_word' id='word_1_367' title='bbox 886 3475 926 3543; x_wconf 82' lang='grc' dir='ltr'>ον’</span> <span class='ocrx_word' id='word_1_368' title='bbox 946 3474 989 3545; x_wconf 80' lang='lat' dir='ltr'>roi</span> <span class='ocrx_word' id='word_1_369' title='bbox 1009 3471 1163 3561; x_wconf 76' lang='grc' dir='ltr'><strong><em>βέλτιστα</em></strong></span> <span class='ocrx_word' id='word_1_370' title='bbox 1185 3502 1269 3566; x_wconf 85' lang='grc' dir='ltr'>φημι</span> <span class='ocrx_word' id='word_1_371' title='bbox 1291 3487 1341 3565; x_wconf 79' lang='grc' dir='ltr'>τηῦ</span> <span class='ocrx_word' id='word_1_372' title='bbox 1362 3471 1455 3567; x_wconf 74' lang='grc' dir='ltr'>δημηι</span> <span class='ocrx_word' id='word_1_373' title='bbox 1478 3484 1765 3566; x_wconf 76' lang='grc' dir='ltr'><strong><em>πεπολιτεῦσθαι,</em></strong></span> <span class='ocrx_word' id='word_1_374' title='bbox 1794 3493 1877 3547; x_wconf 88' lang='lat' dir='ltr'>aut:</span> <span class='ocrx_word' id='word_1_375' title='bbox 1909 3478 2024 3547; x_wconf 81' lang='grc' dir='ltr'><strong><em>δπολσο</em></strong></span> 
     </span>
     <span class='ocr_line' id='line_1_30' title="bbox 226 3580 2022 3679; baseline -0.001 -22"><span class='ocrx_word' id='word_1_376' title='bbox 226 3580 347 3658; x_wconf 75' lang='grc' dir='ltr'><strong><em>τούτων</em></strong></span> <span class='ocrx_word' id='word_1_377' title='bbox 370 3644 376 3656; x_wconf 95' lang='grc'><em>.</em></span> <span class='ocrx_word' id='word_1_378' title='bbox 401 3643 408 3657; x_wconf 94' lang='grc'><strong><em>.</em></strong></span> <span class='ocrx_word' id='word_1_379' title='bbox 432 3642 439 3657; x_wconf 92' lang='grc'><strong>.</strong></span> <span class='ocrx_word' id='word_1_380' title='bbox 462 3596 646 3678; x_wconf 77' lang='grc' dir='ltr'><strong><em>κατηγορῶν</em></strong></span> <span class='ocrx_word' id='word_1_381' title='bbox 666 3583 757 3655; x_wconf 84' lang='grc' dir='ltr'><strong><em>ὁπότ’</em></strong></span> <span class='ocrx_word' id='word_1_382' title='bbox 780 3582 875 3653; x_wconf 80' lang='grc' dir='ltr'><strong><em>αδτδν</em></strong></span> <span class='ocrx_word' id='word_1_383' title='bbox 896 3583 935 3652; x_wconf 80' lang='lat' dir='ltr'>ori</span> <span class='ocrx_word' id='word_1_384' title='bbox 954 3583 999 3653; x_wconf 80' lang='lat' dir='ltr'>toi</span> <span class='ocrx_word' id='word_1_385' title='bbox 1019 3587 1172 3669; x_wconf 80' lang='grc' dir='ltr'><strong><em>βέλτιστα</em></strong></span> <span class='ocrx_word' id='word_1_386' title='bbox 1193 3587 1258 3653; x_wconf 85' lang='grc' dir='ltr'><strong><em>κτλ.</em></strong></span> <span class='ocrx_word' id='word_1_387' title='bbox 1312 3588 1396 3654; x_wconf 90' lang='lat' dir='ltr'>Illud</span> <span class='ocrx_word' id='word_1_388' title='bbox 1429 3590 1556 3677; x_wconf 91' lang='lat' dir='ltr'>quidem</span> <span class='ocrx_word' id='word_1_389' title='bbox 1588 3614 1626 3656; x_wconf 86' lang='lat' dir='ltr'>ex</span> <span class='ocrx_word' id='word_1_390' title='bbox 1653 3591 1753 3679; x_wconf 87' lang='lat' dir='ltr'>ipsius</span> <span class='ocrx_word' id='word_1_391' title='bbox 1775 3590 1944 3654; x_wconf 88' lang='lat' dir='ltr'>Aeschinis</span> <span class='ocrx_word' id='word_1_392' title='bbox 1974 3612 2022 3655; x_wconf 89' lang='lat' dir='ltr'>re·</span> 
     </span>
     <span class='ocr_line' id='line_1_31' title="bbox 228 3696 2022 3788; baseline -0.003 -23"><span class='ocrx_word' id='word_1_393' title='bbox 228 3699 346 3788; x_wconf 85' lang='lat' dir='ltr'>sponso</span> <span class='ocrx_word' id='word_1_394' title='bbox 378 3701 448 3764; x_wconf 91' lang='lat' dir='ltr'>luce</span> <span class='ocrx_word' id='word_1_395' title='bbox 479 3698 593 3762; x_wconf 87' lang='lat' dir='ltr'>clarius</span> <span class='ocrx_word' id='word_1_396' title='bbox 627 3698 750 3762; x_wconf 90' lang='lat' dir='ltr'>elucere</span> <span class='ocrx_word' id='word_1_397' title='bbox 782 3696 909 3762; x_wconf 88' lang='lat' dir='ltr'>videtur</span> <span class='ocrx_word' id='word_1_398' title='bbox 938 3698 971 3779; x_wconf 68' lang='grc' dir='ltr'>(ξ</span> <span class='ocrx_word' id='word_1_399' title='bbox 992 3696 1047 3776; x_wconf 82' lang='lat'>56)</span> <span class='ocrx_word' id='word_1_400' title='bbox 1055 3746 1064 3779; x_wconf 94' lang='lat'>,</span> <span class='ocrx_word' id='word_1_401' title='bbox 1099 3696 1325 3760; x_wconf 90' lang='lat' dir='ltr'>Demosthenis</span> <span class='ocrx_word' id='word_1_402' title='bbox 1358 3699 1638 3785; x_wconf 82' lang='lat' dir='ltr'>interrogationem</span> <span class='ocrx_word' id='word_1_403' title='bbox 1668 3698 1820 3762; x_wconf 89' lang='lat' dir='ltr'>similibus</span> <span class='ocrx_word' id='word_1_404' title='bbox 1854 3719 1892 3761; x_wconf 85' lang='lat' dir='ltr'>nc</span> <span class='ocrx_word' id='word_1_405' title='bbox 1921 3718 2022 3785; x_wconf 92' lang='lat' dir='ltr'>prope</span> 
     </span>
     <span class='ocr_line' id='line_1_32' title="bbox 228 3804 2020 3894; baseline -0.003 -20"><span class='ocrx_word' id='word_1_406' title='bbox 228 3807 349 3875; x_wconf 90' lang='lat' dir='ltr'>eisdem</span> <span class='ocrx_word' id='word_1_407' title='bbox 370 3808 475 3872; x_wconf 84' lang='lat' dir='ltr'>verbis</span> <span class='ocrx_word' id='word_1_408' title='bbox 497 3819 592 3894; x_wconf 88' lang='lat' dir='ltr'>atque</span> <span class='ocrx_word' id='word_1_409' title='bbox 613 3804 782 3869; x_wconf 90' lang='lat' dir='ltr'>Aeschinis</span> <span class='ocrx_word' id='word_1_410' title='bbox 805 3826 993 3891; x_wconf 87' lang='lat' dir='ltr'>responsum</span> <span class='ocrx_word' id='word_1_411' title='bbox 1017 3805 1247 3870; x_wconf 87' lang='lat' dir='ltr'>conformatam</span> <span class='ocrx_word' id='word_1_412' title='bbox 1267 3806 1374 3869; x_wconf 89' lang='lat' dir='ltr'>fuisse.</span> <span class='ocrx_word' id='word_1_413' title='bbox 1428 3806 1501 3870; x_wconf 91' lang='lat' dir='ltr'>Hoc</span> <span class='ocrx_word' id='word_1_414' title='bbox 1531 3816 1636 3870; x_wconf 88' lang='lat' dir='ltr'>eutem</span> <span class='ocrx_word' id='word_1_415' title='bbox 1668 3807 1771 3892; x_wconf 88' lang='lat' dir='ltr'>ipsum</span> <span class='ocrx_word' id='word_1_416' title='bbox 1801 3827 2020 3893; x_wconf 88' lang='lat' dir='ltr'>responsum:</span> 
     </span>
     <span class='ocr_line' id='line_1_33' title="bbox 228 3901 2021 4003; baseline -0.002 -23"><span class='ocrx_word' id='word_1_417' title='bbox 228 3904 444 4003; x_wconf 71' lang='grc' dir='ltr'><strong><em>ἀποκρίνομαι</em></strong></span> <span class='ocrx_word' id='word_1_418' title='bbox 477 3908 519 3996; x_wconf 72' lang='grc' dir='ltr'>δη</span> <span class='ocrx_word' id='word_1_419' title='bbox 547 3901 600 3977; x_wconf 83' lang='grc' dir='ltr'><strong><em>ὅτι</em></strong></span> <span class='ocrx_word' id='word_1_420' title='bbox 622 3901 777 3977; x_wconf 73' lang='grc' dir='ltr'><strong><em>ἁπάντων</em></strong></span> <span class='ocrx_word' id='word_1_421' title='bbox 797 3906 1045 3998; x_wconf 62' lang='lat' dir='ltr'>corrections</span> <span class='ocrx_word' id='word_1_422' title='bbox 1066 3920 1188 3997; x_wconf 81' lang='grc' dir='ltr'><strong><em>καιρῶν</em></strong></span> <span class='ocrx_word' id='word_1_423' title='bbox 1209 3914 1376 4000; x_wconf 73' lang='grc' dir='ltr'><strong><em>κατηγορῶ</em></strong></span> <span class='ocrx_word' id='word_1_424' title='bbox 1396 3933 1457 3977; x_wconf 86' lang='grc' dir='ltr'>σου</span> <span class='ocrx_word' id='word_1_425' title='bbox 1477 3901 1533 3989; x_wconf 73' lang='grc' dir='ltr'>οὓς</span> <span class='ocrx_word' id='word_1_426' title='bbox 1553 3907 1591 3977; x_wconf 71' lang='grc' dir='ltr'>σιῖ</span> <span class='ocrx_word' id='word_1_427' title='bbox 1613 3912 1739 3998; x_wconf 84' lang='grc' dir='ltr'><strong><em>διαιρεῖ</em></strong></span> <span class='ocrx_word' id='word_1_428' title='bbox 1769 3915 1888 3999; x_wconf 89' lang='lat' dir='ltr'>optime</span> <span class='ocrx_word' id='word_1_429' title='bbox 1915 3936 2021 3978; x_wconf 89' lang='lat' dir='ltr'>ernen-</span> 
     </span>
     <span class='ocr_line' id='line_1_34' title="bbox 227 4019 2020 4108; baseline -0.002 -21"><span class='ocrx_word' id='word_1_430' title='bbox 227 4021 307 4088; x_wconf 88' lang='lat' dir='ltr'>dasti</span> <span class='ocrx_word' id='word_1_431' title='bbox 330 4045 400 4087; x_wconf 92' lang='lat' dir='ltr'>cum</span> <span class='ocrx_word' id='word_1_432' title='bbox 422 4043 599 4108; x_wconf 90' lang='lat' dir='ltr'>pronomen</span> <span class='ocrx_word' id='word_1_433' title='bbox 621 4041 680 4084; x_wconf 88' lang='grc' dir='ltr'>σου</span> <span class='ocrx_word' id='word_1_434' title='bbox 688 4071 696 4102; x_wconf 84' lang='grc'><strong><em>,</em></strong></span> <span class='ocrx_word' id='word_1_435' title='bbox 720 4022 794 4107; x_wconf 89' lang='lat' dir='ltr'>quia</span> <span class='ocrx_word' id='word_1_436' title='bbox 815 4020 892 4084; x_wconf 91' lang='lat' dir='ltr'>nihil</span> <span class='ocrx_word' id='word_1_437' title='bbox 912 4021 973 4084; x_wconf 89' lang='lat' dir='ltr'>nisi</span> <span class='ocrx_word' id='word_1_438' title='bbox 995 4022 1070 4084; x_wconf 91' lang='lat' dir='ltr'>illud</span> <span class='ocrx_word' id='word_1_439' title='bbox 1093 4023 1207 4108; x_wconf 91' lang='lat' dir='ltr'>ipsum,</span> <span class='ocrx_word' id='word_1_440' title='bbox 1230 4021 1315 4108; x_wconf 88' lang='lat' dir='ltr'>quod</span> <span class='ocrx_word' id='word_1_441' title='bbox 1338 4022 1468 4085; x_wconf 88' lang='lat' dir='ltr'>relativo</span> <span class='ocrx_word' id='word_1_442' title='bbox 1491 4022 1654 4085; x_wconf 88' lang='lat' dir='ltr'>enuntiato</span> <span class='ocrx_word' id='word_1_443' title='bbox 1677 4022 1794 4087; x_wconf 88' lang='lat' dir='ltr'>elatum</span> <span class='ocrx_word' id='word_1_444' title='bbox 1816 4021 1872 4103; x_wconf 92' lang='lat' dir='ltr'>sit,</span> <span class='ocrx_word' id='word_1_445' title='bbox 1902 4019 2020 4106; x_wconf 86' lang='lat' dir='ltr'>signifi-</span> 
     </span>
     <span class='ocr_line' id='line_1_35' title="bbox 227 4127 2020 4217; baseline -0.002 -22"><span class='ocrx_word' id='word_1_446' title='bbox 227 4153 298 4196; x_wconf 85' lang='lat' dir='ltr'>cnre</span> <span class='ocrx_word' id='word_1_447' title='bbox 319 4131 435 4217; x_wconf 84' lang='lat' dir='ltr'>possit,</span> <span class='ocrx_word' id='word_1_448' title='bbox 466 4128 593 4193; x_wconf 88' lang='lat' dir='ltr'>omnino</span> <span class='ocrx_word' id='word_1_449' title='bbox 615 4129 806 4215; x_wconf 90' lang='lat' dir='ltr'>expunxisti.</span> <span class='ocrx_word' id='word_1_450' title='bbox 849 4127 943 4192; x_wconf 89' lang='lat' dir='ltr'>Hauc</span> <span class='ocrx_word' id='word_1_451' title='bbox 964 4129 1120 4192; x_wconf 88' lang='lat' dir='ltr'>rationem</span> <span class='ocrx_word' id='word_1_452' title='bbox 1142 4129 1242 4216; x_wconf 94' lang='lat' dir='ltr'>probo</span> <span class='ocrx_word' id='word_1_453' title='bbox 1250 4178 1258 4209; x_wconf 91' lang='lat'>,</span> <span class='ocrx_word' id='word_1_454' title='bbox 1288 4138 1321 4192; x_wconf 91' lang='lat' dir='ltr'>at</span> <span class='ocrx_word' id='word_1_455' title='bbox 1347 4127 1521 4192; x_wconf 86' lang='lat' dir='ltr'>remedium</span> <span class='ocrx_word' id='word_1_456' title='bbox 1543 4130 1648 4193; x_wconf 91' lang='lat' dir='ltr'>nescio</span> <span class='ocrx_word' id='word_1_457' title='bbox 1671 4151 1712 4193; x_wconf 87' lang='lat' dir='ltr'>an</span> <span class='ocrx_word' id='word_1_458' title='bbox 1734 4129 1837 4193; x_wconf 92' lang='lat' dir='ltr'>lenius</span> <span class='ocrx_word' id='word_1_459' title='bbox 1861 4128 2020 4192; x_wconf 89' lang='lat' dir='ltr'>videbitur</span> 
     </span>
     <span class='ocr_line' id='line_1_36' title="bbox 225 4226 2020 4323; baseline -0.002 -20"><span class='ocrx_word' id='word_1_460' title='bbox 225 4237 314 4303; x_wconf 92' lang='lat' dir='ltr'>hoc:</span> <span class='ocrx_word' id='word_1_461' title='bbox 343 4230 392 4302; x_wconf 76' lang='grc' dir='ltr'><strong><em>δτι</em></strong></span> <span class='ocrx_word' id='word_1_462' title='bbox 422 4228 574 4302; x_wconf 75' lang='grc' dir='ltr'><strong><em>ἁπάντων</em></strong></span> <span class='ocrx_word' id='word_1_463' title='bbox 601 4241 662 4299; x_wconf 83' lang='grc' dir='ltr'><strong><em>τῶν</em></strong></span> <span class='ocrx_word' id='word_1_464' title='bbox 689 4229 853 4322; x_wconf 77' lang='grc' dir='ltr'><strong><em>τεττάρων</em></strong></span> <span class='ocrx_word' id='word_1_465' title='bbox 879 4235 1001 4321; x_wconf 78' lang='grc' dir='ltr'><strong><em>καιρῶν</em></strong></span> <span class='ocrx_word' id='word_1_466' title='bbox 1029 4242 1193 4322; x_wconf 74' lang='grc' dir='ltr'><strong><em>κατηγορῶ</em></strong></span> <span class='ocrx_word' id='word_1_467' title='bbox 1214 4226 1308 4311; x_wconf 78' lang='grc' dir='ltr'><strong><em>ὅσσος</em></strong></span> <span class='ocrx_word' id='word_1_468' title='bbox 1329 4230 1369 4300; x_wconf 80' lang='grc' dir='ltr'><em>σύ</em></span> <span class='ocrx_word' id='word_1_469' title='bbox 1387 4235 1526 4322; x_wconf 81' lang='grc' dir='ltr'><strong><em>διαιρεῖ,</em></strong></span> <span class='ocrx_word' id='word_1_470' title='bbox 1560 4237 1648 4301; x_wconf 89' lang='lat' dir='ltr'>cuius</span> <span class='ocrx_word' id='word_1_471' title='bbox 1677 4236 1874 4323; x_wconf 91' lang='lat' dir='ltr'>pronominis</span> <span class='ocrx_word' id='word_1_472' title='bbox 1902 4235 2020 4301; x_wconf 82' lang='lat' dir='ltr'>auxilio</span> 
     </span>
     <span class='ocr_line' id='line_1_37' title="bbox 227 4343 1001 4412; baseline -0.006 -1"><span class='ocrx_word' id='word_1_473' title='bbox 227 4347 318 4412; x_wconf 91' lang='lat' dir='ltr'>simul</span> <span class='ocrx_word' id='word_1_474' title='bbox 341 4345 510 4410; x_wconf 89' lang='lat' dir='ltr'>relativum</span> <span class='ocrx_word' id='word_1_475' title='bbox 533 4345 729 4408; x_wconf 88' lang='lat' dir='ltr'>enuntiatum</span> <span class='ocrx_word' id='word_1_476' title='bbox 752 4344 864 4408; x_wconf 88' lang='lat' dir='ltr'>fortius</span> <span class='ocrx_word' id='word_1_477' title='bbox 886 4343 1001 4408; x_wconf 86' lang='lat' dir='ltr'>evadit.</span> 
     </span>
    </p>

    <p class='ocr_par' dir='ltr' id='par_1_6' title="bbox 222 4437 2020 5297">
     <span class='ocr_line' id='line_1_38' title="bbox 324 4437 2020 4535; baseline -0.003 -17"><span class='ocrx_word' id='word_1_478' title='bbox 324 4452 458 4520; x_wconf 80' lang='lat'>11157:</span> <span class='ocrx_word' id='word_1_479' title='bbox 482 4447 540 4516; x_wconf 78' lang='lat' dir='ltr'>udis</span> <span class='ocrx_word' id='word_1_480' title='bbox 560 4446 648 4517; x_wconf 81' lang='grc' dir='ltr'><strong><em>οἵτε</em></strong></span> <span class='ocrx_word' id='word_1_481' title='bbox 670 4450 745 4517; x_wconf 87' lang='grc' dir='ltr'><strong><em>θεολ</em></strong></span> <span class='ocrx_word' id='word_1_482' title='bbox 767 4449 891 4517; x_wconf 75' lang='grc' dir='ltr'><strong><em>θέλωσι</em></strong></span> <span class='ocrx_word' id='word_1_483' title='bbox 913 4452 967 4518; x_wconf 80' lang='grc' dir='ltr'><strong><em>καὶ</em></strong></span> <span class='ocrx_word' id='word_1_484' title='bbox 989 4448 1021 4518; x_wconf 83' lang='grc' dir='ltr'>οἱ</span> <span class='ocrx_word' id='word_1_485' title='bbox 1044 4450 1196 4517; x_wconf 84' lang='grc' dir='ltr'><strong><em>δικασταὶ</em></strong></span> <span class='ocrx_word' id='word_1_486' title='bbox 1216 4447 1254 4532; x_wconf 78' lang='grc' dir='ltr'>ἐξ</span> <span class='ocrx_word' id='word_1_487' title='bbox 1277 4445 1462 4535; x_wconf 65' lang='lat' dir='ltr'>locutionis</span> <span class='ocrx_word' id='word_1_488' title='bbox 1483 4437 1629 4516; x_wconf 72' lang='lat' dir='ltr'>sinodum</span> <span class='ocrx_word' id='word_1_489' title='bbox 1653 4500 1660 4516; x_wconf 90' lang='lat'><strong>.</strong></span> <span class='ocrx_word' id='word_1_490' title='bbox 1686 4499 1711 4532; x_wconf 92' lang='lat'>.,</span> <span class='ocrx_word' id='word_1_491' title='bbox 1741 4441 1827 4515; x_wconf 78' lang='grc' dir='ltr'><strong><em>πάνυ</em></strong></span> <span class='ocrx_word' id='word_1_492' title='bbox 1847 4449 2020 4535; x_wconf 74' lang='grc' dir='ltr'><strong><em>προσδοκεῖ</em></strong></span> 
     </span>
     <span class='ocr_line' id='line_1_39' title="bbox 224 4552 2019 4644; baseline -0.003 -16"><span class='ocrx_word' id='word_1_493' title='bbox 224 4561 406 4642; x_wconf 69' lang='grc' dir='ltr'><strong><em>ἐπιδείξειν</em></strong></span> <span class='ocrx_word' id='word_1_494' title='bbox 436 4565 504 4636; x_wconf 85' lang='grc' dir='ltr'><strong><em>τοῖς</em></strong></span> <span class='ocrx_word' id='word_1_495' title='bbox 537 4559 709 4635; x_wconf 83' lang='grc' dir='ltr'><strong><em>δικασταῖς</em></strong></span> <span class='ocrx_word' id='word_1_496' title='bbox 739 4558 804 4624; x_wconf 90' lang='grc' dir='ltr'><strong><em>κτλ.</em></strong></span> <span class='ocrx_word' id='word_1_497' title='bbox 862 4559 983 4624; x_wconf 85' lang='lat' dir='ltr'>Locum</span> <span class='ocrx_word' id='word_1_498' title='bbox 1016 4582 1079 4623; x_wconf 92' lang='lat' dir='ltr'>non</span> <span class='ocrx_word' id='word_1_499' title='bbox 1114 4558 1232 4623; x_wconf 89' lang='lat' dir='ltr'>habere</span> <span class='ocrx_word' id='word_1_500' title='bbox 1264 4558 1441 4644; x_wconf 73' lang='grc' dir='ltr'><strong><em>προσδοκῶ</em></strong></span> <span class='ocrx_word' id='word_1_501' title='bbox 1469 4559 1631 4623; x_wconf 86' lang='lat' dir='ltr'>existimas</span> <span class='ocrx_word' id='word_1_502' title='bbox 1664 4555 1696 4622; x_wconf 84' lang='grc' dir='ltr'>ἐν</span> <span class='ocrx_word' id='word_1_503' title='bbox 1727 4561 1795 4633; x_wconf 80' lang='grc' dir='ltr'><strong><em>τοῖς</em></strong></span> <span class='ocrx_word' id='word_1_504' title='bbox 1829 4552 1881 4642; x_wconf 79' lang='grc' dir='ltr'>ἐφ’</span> <span class='ocrx_word' id='word_1_505' title='bbox 1913 4552 2019 4642; x_wconf 75' lang='grc' dir='ltr'><strong><em>ἦμῖνε</em></strong></span> 
     </span>
     <span class='ocr_line' id='line_1_40' title="bbox 227 4664 2018 4758; baseline -0.004 -21"><span class='ocrx_word' id='word_1_506' title='bbox 227 4683 462 4758; x_wconf 76' lang='lat' dir='ltr'>,ecspectamos</span> <span class='ocrx_word' id='word_1_507' title='bbox 494 4690 531 4732; x_wconf 90' lang='lat' dir='ltr'>ea</span> <span class='ocrx_word' id='word_1_508' title='bbox 555 4689 635 4755; x_wconf 87' lang='lat' dir='ltr'>quae</span> <span class='ocrx_word' id='word_1_509' title='bbox 657 4689 721 4731; x_wconf 89' lang='lat' dir='ltr'>non</span> <span class='ocrx_word' id='word_1_510' title='bbox 743 4668 869 4730; x_wconf 90' lang='lat' dir='ltr'>suntin</span> <span class='ocrx_word' id='word_1_511' title='bbox 892 4677 999 4731; x_wconf 92' lang='lat' dir='ltr'>nostra</span> <span class='ocrx_word' id='word_1_512' title='bbox 1021 4675 1191 4754; x_wconf 91' lang='lat' dir='ltr'>potestate,</span> <span class='ocrx_word' id='word_1_513' title='bbox 1224 4688 1306 4752; x_wconf 90' lang='lat' dir='ltr'>quae</span> <span class='ocrx_word' id='word_1_514' title='bbox 1338 4688 1433 4753; x_wconf 90' lang='lat' dir='ltr'>quem</span> <span class='ocrx_word' id='word_1_515' title='bbox 1461 4667 1581 4730; x_wconf 84' lang='lat' dir='ltr'>exitum</span> <span class='ocrx_word' id='word_1_516' title='bbox 1608 4674 1662 4729; x_wconf 90' lang='lat' dir='ltr'>ant</span> <span class='ocrx_word' id='word_1_517' title='bbox 1691 4674 1841 4729; x_wconf 90' lang='lat' dir='ltr'>eventum</span> <span class='ocrx_word' id='word_1_518' title='bbox 1871 4664 2018 4730; x_wconf 87' lang='lat' dir='ltr'>habitura</span> 
     </span>
     <span class='ocr_line' id='line_1_41' title="bbox 225 4772 2017 4862; baseline -0.003 -19"><span class='ocrx_word' id='word_1_519' title='bbox 225 4779 288 4843; x_wconf 86' lang='lat' dir='ltr'>sint</span> <span class='ocrx_word' id='word_1_520' title='bbox 315 4777 505 4842; x_wconf 89' lang='lat' dir='ltr'>nescimus:</span> <span class='ocrx_word' id='word_1_521' title='bbox 535 4777 642 4862; x_wconf 88' lang='lat' dir='ltr'>itaque</span> <span class='ocrx_word' id='word_1_522' title='bbox 671 4774 859 4840; x_wconf 87' lang='lat' dir='ltr'>mendosum</span> <span class='ocrx_word' id='word_1_523' title='bbox 888 4784 936 4838; x_wconf 91' lang='lat' dir='ltr'>est</span> <span class='ocrx_word' id='word_1_524' title='bbox 964 4787 1105 4861; x_wconf 70' lang='lat' dir='ltr'>respecto</span> <span class='ocrx_word' id='word_1_525' title='bbox 1133 4797 1180 4838; x_wconf 86' lang='lat' dir='ltr'>me</span> <span class='ocrx_word' id='word_1_526' title='bbox 1207 4774 1369 4839; x_wconf 75' lang='lat' dir='ltr'>iudicibus</span> <span class='ocrx_word' id='word_1_527' title='bbox 1396 4797 1460 4838; x_wconf 79' lang='lat' dir='ltr'>ease</span> <span class='ocrx_word' id='word_1_528' title='bbox 1481 4774 1796 4839; x_wconf 70' lang='lat' dir='ltr'>dmonstraturum.“</span> <span class='ocrx_word' id='word_1_529' title='bbox 1839 4772 1910 4838; x_wconf 90' lang='lat' dir='ltr'>Nec</span> <span class='ocrx_word' id='word_1_530' title='bbox 1932 4782 2017 4838; x_wconf 88' lang='lat' dir='ltr'>certe</span> 
     </span>
     <span class='ocr_line' id='line_1_42' title="bbox 225 4872 2017 4968; baseline -0.004 -17"><span class='ocrx_word' id='word_1_531' title='bbox 225 4895 335 4951; x_wconf 88' lang='lat' dir='ltr'>contra</span> <span class='ocrx_word' id='word_1_532' title='bbox 362 4885 444 4949; x_wconf 84' lang='lat' dir='ltr'>hanc</span> <span class='ocrx_word' id='word_1_533' title='bbox 474 4882 651 4949; x_wconf 88' lang='lat' dir='ltr'>doctrinam</span> <span class='ocrx_word' id='word_1_534' title='bbox 681 4884 790 4948; x_wconf 89' lang='lat' dir='ltr'>valent</span> <span class='ocrx_word' id='word_1_535' title='bbox 821 4881 1037 4946; x_wconf 89' lang='lat' dir='ltr'>huiuscemodi</span> <span class='ocrx_word' id='word_1_536' title='bbox 1068 4883 1128 4946; x_wconf 88' lang='lat' dir='ltr'>loci</span> <span class='ocrx_word' id='word_1_537' title='bbox 1157 4881 1245 4947; x_wconf 86' lang='lat' dir='ltr'>velut</span> <span class='ocrx_word' id='word_1_538' title='bbox 1272 4881 1348 4967; x_wconf 90' lang='lat' dir='ltr'>Lys.</span> <span class='ocrx_word' id='word_1_539' title='bbox 1379 4880 1477 4946; x_wconf 89' lang='lat' dir='ltr'>XXV</span> <span class='ocrx_word' id='word_1_540' title='bbox 1500 4882 1570 4945; x_wconf 83' lang='lat'>22:</span> <span class='ocrx_word' id='word_1_541' title='bbox 1607 4875 1671 4948; x_wconf 88' lang='grc' dir='ltr'><strong><em>τότ’</em></strong></span> <span class='ocrx_word' id='word_1_542' title='bbox 1700 4872 1761 4968; x_wconf 77' lang='grc' dir='ltr'>ἤδη</span> <span class='ocrx_word' id='word_1_543' title='bbox 1789 4881 1843 4946; x_wconf 89' lang='grc' dir='ltr'><strong><em>καὶ</em></strong></span> <span class='ocrx_word' id='word_1_544' title='bbox 1876 4875 2017 4945; x_wconf 82' lang='grc' dir='ltr'><strong><em>κατιέναι</em></strong></span> 
     </span>
     <span class='ocr_line' id='line_1_43' title="bbox 224 4983 2016 5080; baseline -0.004 -21"><span class='ocrx_word' id='word_1_545' title='bbox 224 4994 446 5080; x_wconf 83' lang='grc' dir='ltr'><strong><em>προσεδοκᾶτε</em></strong></span> <span class='ocrx_word' id='word_1_546' title='bbox 469 4983 525 5057; x_wconf 83' lang='grc' dir='ltr'><strong><em>καλ</em></strong></span> <span class='ocrx_word' id='word_1_547' title='bbox 545 4986 639 5078; x_wconf 79' lang='grc' dir='ltr'><strong><em>παρα</em></strong></span> <span class='ocrx_word' id='word_1_548' title='bbox 659 4992 724 5055; x_wconf 77' lang='grc' dir='ltr'><strong><em>τῶν</em></strong></span> <span class='ocrx_word' id='word_1_549' title='bbox 746 4989 876 5077; x_wconf 77' lang='grc' dir='ltr'><strong><em>ἐχθρῶν</em></strong></span> <span class='ocrx_word' id='word_1_550' title='bbox 896 4983 1068 5077; x_wconf 74' lang='grc' dir='ltr'><strong><em>λήψεσθαι</em></strong></span> <span class='ocrx_word' id='word_1_551' title='bbox 1092 4985 1189 5075; x_wconf 80' lang='grc' dir='ltr'><strong><em>δίκην,</em></strong></span> <span class='ocrx_word' id='word_1_552' title='bbox 1213 4989 1254 5053; x_wconf 85' lang='lat' dir='ltr'>cf.</span> <span class='ocrx_word' id='word_1_553' title='bbox 1277 4986 1344 5052; x_wconf 89' lang='lat' dir='ltr'>VII</span> <span class='ocrx_word' id='word_1_554' title='bbox 1358 4989 1408 5069; x_wconf 86' lang='lat'>39,</span> <span class='ocrx_word' id='word_1_555' title='bbox 1431 5011 1506 5053; x_wconf 86' lang='lat' dir='ltr'>nam</span> <span class='ocrx_word' id='word_1_556' title='bbox 1528 4988 1648 5054; x_wconf 88' lang='lat' dir='ltr'>reditus</span> <span class='ocrx_word' id='word_1_557' title='bbox 1669 4991 1702 5053; x_wconf 90' lang='lat' dir='ltr'>in</span> <span class='ocrx_word' id='word_1_558' title='bbox 1723 4989 1859 5077; x_wconf 88' lang='lat' dir='ltr'>patriam</span> <span class='ocrx_word' id='word_1_559' title='bbox 1883 4996 2016 5053; x_wconf 87' lang='lat' dir='ltr'>eventus</span> 
     </span>
     <span class='ocr_line' id='line_1_44' title="bbox 223 5095 2014 5187; baseline -0.004 -21"><span class='ocrx_word' id='word_1_560' title='bbox 223 5124 289 5166; x_wconf 92' lang='lat' dir='ltr'>non</span> <span class='ocrx_word' id='word_1_561' title='bbox 311 5110 379 5165; x_wconf 86' lang='lat' dir='ltr'>erat</span> <span class='ocrx_word' id='word_1_562' title='bbox 407 5103 439 5164; x_wconf 90' lang='lat' dir='ltr'>in</span> <span class='ocrx_word' id='word_1_563' title='bbox 461 5109 619 5187; x_wconf 87' lang='lat' dir='ltr'>potestate</span> <span class='ocrx_word' id='word_1_564' title='bbox 642 5099 797 5183; x_wconf 87' lang='lat' dir='ltr'>exsulum,</span> <span class='ocrx_word' id='word_1_565' title='bbox 821 5099 873 5186; x_wconf 92' lang='lat' dir='ltr'>qui</span> <span class='ocrx_word' id='word_1_566' title='bbox 895 5097 1031 5163; x_wconf 87' lang='lat' dir='ltr'>reditum</span> <span class='ocrx_word' id='word_1_567' title='bbox 1053 5118 1110 5184; x_wconf 90' lang='lat' dir='ltr'>per</span> <span class='ocrx_word' id='word_1_568' title='bbox 1133 5097 1198 5161; x_wconf 85' lang='lat' dir='ltr'>vim</span> <span class='ocrx_word' id='word_1_569' title='bbox 1220 5096 1280 5160; x_wconf 86' lang='lat' dir='ltr'>sibi</span> <span class='ocrx_word' id='word_1_570' title='bbox 1302 5107 1476 5184; x_wconf 79' lang='lat' dir='ltr'>pararent3</span> <span class='ocrx_word' id='word_1_571' title='bbox 1505 5097 1557 5162; x_wconf 88' lang='lat' dir='ltr'>vel</span> <span class='ocrx_word' id='word_1_572' title='bbox 1581 5097 1731 5160; x_wconf 85' lang='lat' dir='ltr'>Dinarch.</span> <span class='ocrx_word' id='word_1_573' title='bbox 1754 5095 1771 5159; x_wconf 94' lang='lat' dir='ltr'>I</span> <span class='ocrx_word' id='word_1_574' title='bbox 1792 5095 1853 5178; x_wconf 76' lang='lat'>773</span> <span class='ocrx_word' id='word_1_575' title='bbox 1885 5105 1917 5161; x_wconf 90' lang='lat' dir='ltr'>at</span> <span class='ocrx_word' id='word_1_576' title='bbox 1939 5116 2014 5159; x_wconf 91' lang='lat' dir='ltr'>vero</span> 
     </span>
     <span class='ocr_line' id='line_1_45' title="bbox 222 5193 2016 5297; baseline -0.004 -23"><span class='ocrx_word' id='word_1_577' title='bbox 222 5211 373 5276; x_wconf 78' lang='lat' dir='ltr'>refutabit</span> <span class='ocrx_word' id='word_1_578' title='bbox 394 5210 504 5297; x_wconf 86' lang='lat' dir='ltr'>Eurip.</span> <span class='ocrx_word' id='word_1_579' title='bbox 527 5211 597 5273; x_wconf 90' lang='lat' dir='ltr'>Alc.</span> <span class='ocrx_word' id='word_1_580' title='bbox 623 5210 718 5291; x_wconf 84' lang='lat'>1091,</span> <span class='ocrx_word' id='word_1_581' title='bbox 750 5208 805 5273; x_wconf 91' lang='lat' dir='ltr'>ubi</span> <span class='ocrx_word' id='word_1_582' title='bbox 833 5209 893 5273; x_wconf 92' lang='lat' dir='ltr'>hoc</span> <span class='ocrx_word' id='word_1_583' title='bbox 916 5207 1073 5272; x_wconf 87' lang='lat' dir='ltr'>Hercules</span> <span class='ocrx_word' id='word_1_584' title='bbox 1096 5207 1268 5270; x_wconf 90' lang='lat' dir='ltr'>Admetum</span> <span class='ocrx_word' id='word_1_585' title='bbox 1290 5213 1414 5291; x_wconf 83' lang='lat' dir='ltr'>rogat:</span> <span class='ocrx_word' id='word_1_586' title='bbox 1442 5209 1514 5286; x_wconf 88' lang='grc' dir='ltr'><strong><em>μιῦν</em></strong></span> <span class='ocrx_word' id='word_1_587' title='bbox 1541 5200 1596 5288; x_wconf 72' lang='grc' dir='ltr'>την</span> <span class='ocrx_word' id='word_1_588' title='bbox 1626 5206 1792 5267; x_wconf 77' lang='grc' dir='ltr'><strong><em>θανοῦσαν</em></strong></span> <span class='ocrx_word' id='word_1_589' title='bbox 1814 5193 1956 5286; x_wconf 81' lang='grc' dir='ltr'><strong><em>ω’φελεῖν</em></strong></span> <span class='ocrx_word' id='word_1_590' title='bbox 1981 5223 2016 5266; x_wconf 91' lang='grc' dir='ltr'><strong><em>τι</em></strong></span> 
     </span>
    </p>
   </div>
   <div class='ocr_carea' id='block_1_5' title="bbox 0 0 2360 5910">
    <p class='ocr_par' dir='ltr' id='par_1_7' title="bbox 0 0 2360 5910">
     <span class='ocr_line' id='line_1_46' title="bbox 0 0 2360 5910; baseline 0 1"><span class='ocrx_word' id='word_1_591' title='bbox 0 0 2360 5910; x_wconf 95' lang='lat' dir='ltr'> </span> 
     </span>
    </p>
   </div>
  </div>
 </body>
</html>
