4710 5910
1165 364 1186 430 5

283 569 332 624 est
352 559 405 623 uni
427 558 527 623 verbo
556 556 817 645 διεληλύθαμεν;
841 559 897 625 sed
920 560 994 624 addi
1017 571 1121 649 potest
1141 560 1291 625 articulus
1313 561 1512 627 substantivo
1537 563 1623 649 quod
1648 564 1826 650 pronomini
1848 563 1979 628 relativo
2002 564 2075 629 sub·

283 669 385 750 icitur,
408 667 433 730 ai
455 676 510 732 aut
532 667 764 732 substantivum
784 670 817 732 in
839 669 1037 755 appositione
1060 677 1107 732 est
1130 665 1246 731 autad
1268 677 1386 733 certam
1409 667 1547 755 aliquam
1569 690 1637 733 rem
1659 670 1753 756 paulo
1776 680 1851 734 ante
1867 680 2075 736 memoratam

282 774 460 839 recordatio
482 784 660 857 revocatur,
682 775 723 840 cf.
745 775 829 840 Plat.
852 774 953 861 Gorg.
971 776 1063 841 469a
1084 798 1091 838 :
1113 772 1146 840 τί
1167 776 1225 841 δαί
1235 798 1248 856 ,·
1267 765 1352 840 ούτω
1376 795 1424 840 σοι
1448 776 1538 840 δοκεῖ
1557 770 1642 857 ἔχειν
1662 777 1740 864 περί
1769 768 1812 841 ὧν
1832 772 1892 863 dyo)
1914 774 1994 864 λέγω
2014 779 2076 843 τῶν

283 872 488 967 ἀνθρώπωνς
511 880 585 947 ibid.
607 883 698 948 4ῖῖε
722 907 730 946 :
751 871 817 970 ἀρα
838 876 941 970 ἥνπερ
963 878 1024 968 ι’γῶ
1046 875 1269 964 ὑπολαμβάνω
1289 875 1344 969 την
1369 872 1550 970 ῶφίλειανς
1580 882 1678 971 Sopb.
1700 885 1819 950 2460:
1849 889 1928 971 παρ’
1950 881 2075 971 ἀμφοῖν

281 987 389 1055 τοίνυν
407 991 475 1055 τοῖν
494 993 596 1073 γενοῖν
617 985 699 1055 κατά
718 989 821 1079 μέρος
841 983 992 1072 λάβωμεν
1011 981 1106 1073 λύγον
1126 985 1211 1076 ύπδρ
1233 979 1270 1075 ἧς
1290 988 1439 1056 τίθενται
1460 995 1517 1077 τῆς
1538 980 1670 1073 ούσίας,·
1691 1003 1724 1057 at
1744 993 1797 1057 illo
1812 994 1980 1071 Aeschinis
2002 994 2072 1059 loco

282 1119 343 1161 nec
363 1098 522 1185 appositio
556 1099 620 1163 ulla
650 1121 711 1164 nec
743 1099 914 1185 superioris
941 1099 1073 1162 notitiae
1104 1098 1293 1183 significatio
1320 1099 1453 1184 cogitari
1482 1107 1595 1185 potest.
1646 1102 1793 1187 Apparet
1822 1100 1918 1187 igitur
1946 1102 1980 1164 in
2011 1100 2073 1166 ista

284 1206 471 1270 attractione
494 1205 660 1270 articulum
693 1227 763 1270 esse
796 1206 1063 1292 expungendum,
1094 1206 1119 1270 si
1149 1204 1276 1292 quidem
1305 1205 1473 1270 relativum
1499 1206 1699 1271 enuntiatum
1727 1228 1802 1272 vere
1835 1207 1983 1272 traditum
2015 1217 2071 1272 est.

283 1309 348 1376 Sed
370 1311 453 1377 hanc
480 1313 582 1400 ipsam
604 1315 780 1399 partemin
803 1312 879 1377 vitio
901 1333 970 1377 esse
1000 1313 1147 1376 meliores
1176 1312 1248 1377 libri
1278 1313 1458 1376 testimonio
1487 1323 1575 1395 sunt,
1609 1313 1640 1377 in
1672 1315 1786 1401 quibus
1817 1315 1963 1400 legitur:
1995 1300 2072 1381 ὥστ’

282 1414 472 1505 ἀμνημονεῖν
493 1414 594 1504 ἀλίγῳ
615 1409 771 1505 πρότερον
792 1409 987 1495 ἀκούσαντες
1014 1415 1333 1504 ἀναγιγνωσκομένων
1361 1425 1424 1485 τῶν
1451 1411 1568 1503 νόμων.
1623 1419 1697 1499 Qua
1728 1445 1768 1487 ex
1797 1423 1952 1509 scriptura
1978 1423 2071 1488 facile

281 1526 492 1613 intellegitur,
526 1529 566 1593 ab
597 1530 667 1614 ipso
689 1529 849 1594 Aeschine
878 1528 954 1592 nihil
987 1529 1046 1592 nisi
1076 1528 1155 1593 haec
1183 1527 1354 1614 proiecta:
1387 1521 1459 1592 ὥστ’
1491 1523 1680 1614 ἀμνημονεῖν
1710 1535 1775 1594 τῶν
1804 1521 1927 1612 νόμων,
1962 1528 1996 1593 ἐν
2023 1519 2073 1606 ola

281 1634 459 1720 γέγραπται
483 1634 548 1717 κτλ,
572 1646 677 1701 cetera
698 1659 717 1700 a
737 1637 950 1722 grammaticis
971 1637 1150 1722 excogitata
1172 1656 1252 1718 esse,
1273 1646 1309 1699 ut
1331 1627 1546 1720 ἐπιλήσμονας
1560 1628 1644 1702 εἶναι
1667 1659 1722 1701 cur
1737 1637 1914 1702 Aeschines
1937 1635 2069 1701 dixisset

284 1741 323 1807 de
346 1764 403 1806 suo
426 1765 515 1806 more
538 1742 743 1828 explicarent.
786 1745 831 1807 At
860 1745 930 1831 ipsa
956 1745 1018 1808 ista
1046 1743 1127 1830 legis
1155 1743 1269 1824 verba,
1300 1765 1382 1830 quac
1409 1743 1560 1831 deinceps
1588 1743 1790 1809 audientibus
1822 1744 1854 1808 in
1884 1746 2071 1809 memoriam

280 1860 454 1931 vocantur,
482 1849 619 1914 insiticia
647 1860 679 1914 et
709 1850 845 1915 conflata
872 1871 942 1915 esse
970 1850 1134 1914 arbitraris
1163 1872 1202 1915 ex
1224 1852 1244 1931 ξ
1268 1850 1316 1915 13.
1366 1850 1460 1915 Hanc
1482 1849 1522 1915 ad
1546 1852 1726 1938 opinionem
1750 1875 1810 1939 ego
1834 1852 1984 1919 accedere
2007 1874 2071 1916 non

281 1979 420 2043 possum.
464 1955 549 2021 Nam
592 1957 692 2021 omnis
725 1980 807 2044 quae
836 1958 978 2044 sequitur
1006 1955 1151 2044 probatio
1180 1957 1289 2020 nititur
1320 1957 1402 2040 legis
1431 1958 1530 2045 ipsius
1561 1959 1882 2024 conmemoratione:
1915 1969 1947 2024 et
1967 1960 2071 2047 ipsum

280 2074 396 2128 testem
419 2066 546 2129 noxium
569 2087 640 2129 esse
661 2075 694 2130 et
715 2075 878 2131 extremae
906 2086 1030 2152 poenae
1059 2067 1162 2130 teneri
1190 2064 1339 2152 periculo.
1390 2062 1483 2129 Haec
1509 2073 1546 2128 ut
1571 2066 1724 2152 probaret
1750 2066 1944 2148 Aeschines,
1972 2067 2071 2154 ipsius

282 2172 363 2257 legis
384 2171 484 2236 verba
504 2182 649 2258 repetere
671 2182 703 2236 et
729 2174 830 2259 potuit
855 2182 889 2236 et
917 2172 1027 2237 debuit
1048 2195 1056 2236 τ
1077 2175 1138 2237 ista
1169 2170 1298 2259 quidem
1327 2171 1473 2258 probatio
1500 2174 1609 2259 utique
1647 2173 1804 2237 facillima.
1858 2173 1930 2238 Hoc
1962 2174 2072 2260 quidni

280 2278 421 2344 faceret?
464 2277 561 2345 Certe
583 2303 645 2344 uon
669 2289 737 2345 erat
757 2303 814 2345 our
833 2280 937 2366 legem
957 2281 1059 2368 ipsam
1081 2280 1207 2345 recitari
1221 2280 1353 2362 iuberet,
1375 2290 1408 2345 at
1429 2302 1511 2367 quae
1532 2279 1572 2344 ad
1594 2283 1724 2345 noxium
1737 2291 1849 2348 testem
1872 2282 2072 2369 pertinerent

280 2385 420 2451 breviter
441 2409 695 2452 conmemorasse
717 2386 963 2474 perconmodum
986 2397 1061 2452 erat.

379 2493 474 2560 177:
497 2495 551 2561 καί
572 2490 676 2580 ἔγωγε,
699 2490 836 2561 ἐπειδάν
856 2495 987 2582 προσίω
1009 2491 1096 2583 πρδς
1116 2487 1153 2560 τό
1172 2487 1380 2581 δικαστήριον
1402 2493 1455 2559 καί
1484 2484 1703 2580 ἀκροάσωμαι
1729 2496 1794 2560 τῶν
1818 2486 2070 2580 ἀγωνιζομένων,

279 2596 352 2686 ἀροῖ
372 2595 421 2667 ὅτι
440 2591 494 2667 ἀεί
515 2597 552 2666 τδ
574 2594 654 2667 adad
676 2597 769 2691 [παρ’
787 2599 871 2691 ύμῖν]
894 2598 1012 2684 ἰσχύει.
1056 2602 1094 2667 In
1117 2604 1217 2668 altera
1239 2602 1381 2667 codicum
1403 2613 1493 2690 parte
1522 2603 1617 2688 (AM)
1641 2605 1790 2692 quoniam
1811 2606 1937 2669 inverso
1960 2605 2071 2670 ordine

280 2701 387 2790 ίσχύει
409 2712 489 2795 παρ’
511 2705 585 2790 ύμῖν
606 2710 733 2796 legitur,
756 2711 848 2774 istam
869 2709 1006 2775 iudicum
1029 2711 1174 2775 notitiam
1196 2712 1324 2775 omnino
1346 2711 1513 2776 insiticiam
1536 2735 1606 2777 esse
1629 2712 1792 2800 probabile
1814 2722 1871 2796 est,
1889 2735 1960 2778 cum
1976 2736 2069 2801 prae·

282 2816 391 2881 sertim
414 2825 446 2880 ot
467 2817 561 2904 paulo
584 2827 657 2882 ante
680 2817 784 2881 iudicii
809 2818 1056 2882 conmemoratio
1079 2819 1163 2882 facta
1185 2819 1225 2882 sit
1247 2827 1278 2882 ot
1300 2817 1448 2904 deinceps
1470 2830 1690 2884 accusatorum
1713 2828 1745 2884 et
1765 2818 1906 2884 iudicum
1939 2842 2069 2886 cousue-

279 2924 357 2989 tudo
379 2925 481 3011 qualis
504 2925 600 2989 fuerit
620 2925 763 3013 pluribus
785 2938 972 3012 exponatur.

379 3031 397 3095 I
416 3034 455 3097 81
480 3055 487 3097 ε
511 3024 548 3117 ἦν
567 3032 626 3114 μὲν
646 3028 665 3098 δ
686 3025 742 3097 τδν
763 3024 853 3118 λόγον
875 3032 974 3120 λέγων
995 3029 1030 3098 ἐκ
1051 3040 1113 3099 τῶν
1134 3028 1371 3121 Ἀρεοπαγιτῶν
1391 3022 1580 3109 Αύτύλυκος
1601 3031 1709 3108 καλῶς
1729 3028 1766 3114 νῆ
1785 3026 1840 3097 τδν
1853 3029 1919 3097 Δία
1941 3031 1994 3098 καί
2015 3026 2073 3098 τάν

279 3132 429 3204 Ἀπόλλω
452 3139 505 3206 καί
528 3141 652 3221 σεμνῶς
674 3139 740 3229 [καί
762 3131 863 3221 ἀξίως
883 3135 1004 3207 ἐκείνου
1023 3144 1082 3207 τοῦ
1103 3139 1284 3230 συνεδρίου]
1312 3135 1491 3222 βεβιωκιύς.
1539 3142 1578 3205 In
1606 3140 1788 3205 melioribus
1816 3139 1903 3204 libris
1933 3149 1983 3204 est
2009 3138 2073 3206 τού

280 3245 449 3334 συνεδρίου
475 3243 602 3313 ἐκείνου.
644 3248 734 3334 Ergo
757 3249 865 3313 saltem
887 3250 949 3313 hoc
970 3272 1144 3336 pronomen
1169 3248 1357 3332 delendum3
1380 3273 1452 3314 nam
1472 3249 1738 3336 Areopagitarum
1761 3248 1928 3334 collegium
1959 3247 2072 3312 subau-

280 3353 428 3418 diendum
450 3378 521 3420 esse
550 3365 692 3442 apparet.
735 3355 815 3421 Inde
839 3357 976 3442 suspicio
999 3356 1073 3420 mihi
1095 3367 1164 3422 orta
1185 3368 1243 3439 est,
1266 3380 1306 3422 ne
1327 3363 1387 3421 τοῦ
1408 3354 1577 3441 συνεδρίου
1607 3358 1703 3421 etiam
1726 3357 1865 3443 spurium
1888 3355 2069 3419 habendum

278 3460 432 3526 videatur.
475 3460 558 3526 Nam
581 3457 683 3542 ἀξίως
705 3462 760 3547 ζῆν
780 3486 852 3528 cum
875 3463 947 3528 alibi
978 3465 1045 3527 sine
1075 3466 1225 3550 genetivo
1249 3474 1393 3529 occurrat
1414 3474 1481 3528 tum
1513 3464 1573 3528 hoc
1604 3463 1672 3527 loco
1704 3461 1857 3527 eiusmodi
1884 3461 2071 3526 attributum

278 3590 381 3655 paene
413 3569 559 3633 excludit.
617 3568 704 3649 Quid
735 3570 853 3658 porro?
897 3571 1036 3636 Aliudne
1058 3581 1105 3636 est
1127 3565 1228 3652 ἀξίως
1258 3573 1316 3657 ζῆν
1347 3583 1379 3635 et
1400 3570 1503 3646 καλῶς
1532 3570 1586 3636 καί
1616 3575 1737 3650 σεμνῶς
1767 3567 1848 3654 ζῆνῖ
1897 3568 1974 3655 Ipsa
1995 3590 2071 3633 vero

278 3667 431 3762 σεμνότης
459 3677 589 3763 propria
617 3677 675 3741 luit
703 3678 972 3764 Areopagitarum
1003 3688 1035 3743 ot
1064 3702 1145 3765 quae
1175 3679 1236 3743 hoc
1267 3681 1396 3766 proprie
1426 3680 1495 3743 loco
1529 3678 1709 3758 efferretur,
1743 3701 1782 3743 ne
1814 3677 1899 3764 quod
1928 3678 2071 3764 sequitur

280 3782 396 3849 dictum
419 3808 458 3849 ex
479 3785 609 3850 lascivia
630 3785 768 3872 quadam
789 3795 820 3848 et
845 3785 1023 3870 petulantia
1043 3787 1178 3851 hominis
1201 3807 1348 3850 manasse
1370 3785 1539 3850 videretur.
1583 3784 1678 3849 Hauc
1699 3785 1852 3849 rationem
1875 3785 2070 3871 interpositis

280 3893 388 3957 verbis
412 3893 465 3958 καῖ
489 3887 595 3974 ἀξίως
616 3887 740 3959 ἐκείνου
759 3894 817 3958 τού
839 3893 1005 3979 συνεδρίου
1019 3895 1177 3958 turbatam
1201 3917 1238 3957 ac
1259 3916 1362 3980 paene
1385 3915 1527 3958 eversam
1552 3914 1623 3957 esse
1644 3901 1739 3979 patet.

361 4000 469 4065 184:
492 3994 576 4066 ἔνθα
597 3997 638 4089 dij
659 3999 713 4067 καί
735 3996 936 4085 παρέρχεται
957 3993 1172 4087 Πύρρανδρος
1193 3991 1393 4083 ἐπιτιμήσων
1414 3994 1490 4079 ύμῖν
1512 3999 1565 4064 καί
1598 3990 1695 4085 ἤρετο
1721 3994 1778 4062 τδν
1807 3996 1922 4084 δῆμον,
1952 3994 1986 4062 εί
2012 3991 2073 4062 οιίι

278 4099 479 4188 αἰσχύνοιντο
499 4107 654 4191 γελῶντες
669 4101 838 4195 παρούσης
850 4115 909 4193 τῆς
920 4109 1039 4192 βουλῇς
1061 4106 1127 4196 [τῆς
1148 4104 1184 4190 ἐξ
1204 4099 1335 4193 Ἀρείου
1349 4100 1482 4194 πάγου]·
1505 4101 1599 4188 ύμεῖς
1614 4105 1642 4169 δ’
1658 4097 1825 4187 ἑξεβάλει’
1839 4099 1938 4170 αύτδν
1953 4101 2071 4170 ὑπολα-

278 4205 404 4295 βόντες·
426 4207 520 4296 ῖσμεν
547 4213 605 4298 μὲν
626 4205 652 4279 oi
676 4209 871 4304 Πύρρανδρε
892 4210 941 4281 ὅτι
964 4212 1003 4281 ού
1023 4218 1075 4282 δεῖ
1094 4216 1189 4301 γελᾶν
1209 4208 1333 4280 τούτων
1355 4213 1493 4281 ἐναντίον
1513 4214 1578 4280 κτλ
1623 4214 1774 4280 Omnium
1796 4215 1932 4301 primum
1950 4235 2070 4300 expun-

279 4325 380 4386 xerim
402 4323 487 4387 istud
508 4324 791 4388 additamentum:
822 4325 878 4408 τῆς
900 4318 937 4406 ἐξ
957 4319 1085 4411 Ἀρείου
1107 4316 1219 4408 πάγου.
1263 4323 1347 4387 Nam
1371 4345 1441 4386 cum
1457 4323 1657 4409 Areopagita
1672 4321 1796 4386 dixerat
1818 4321 1858 4384 de
1874 4342 1931 4384 suo
1947 4330 2070 4405 senatu,

278 4429 502 4494 Athenienses·
517 4440 602 4495 certo
625 4455 688 4497 uon
711 4433 956 4519 quingentorum
979 4442 1122 4497 senatum
1145 4431 1255 4496 audire
1276 4430 1401 4512 licebat,
1424 4429 1463 4493 cf.
1487 4429 1580 4494 Dam.
1604 4427 1726 4494 XXIII
1740 4429 1790 4494 26.
1806 4429 1856 4495 30.
1891 4427 2071 4492 Externum

281 4548 388 4602 autem
410 4539 538 4624 signum
559 4549 616 4620 est,
638 4539 723 4627 quod
746 4541 778 4603 in
799 4539 958 4604 nonnullis
980 4539 1067 4603 libris
1084 4548 1189 4603 exstat
1210 4537 1266 4622 τῆς
1282 4536 1315 4603 ἐν
1328 4531 1444 4621 Ἀρείῳ
1459 4525 1563 4621 πάγῳ.
1600 4533 1727 4600 Deinde
1742 4535 1925 4599 nonfacere
1940 4556 2070 4620 possum

280 4647 357 4731 quin
380 4645 451 4709 Tibi
476 4647 678 4731 congratuler
698 4646 787 4733 quod
808 4651 828 4729 ξ
850 4648 891 4711 85
912 4648 1045 4733 palmari
1066 4646 1210 4733 profecto
1241 4643 1462 4710 emendatione
1484 4644 1676 4730 optimorum
1705 4641 1850 4706 codicum
1880 4644 2069 4728 scripturam

279 4740 345 4837 (ἣν)
367 4753 398 4815 in
420 4753 580 4838 integrum
601 4755 774 4818 restituisti.
817 4755 913 4819 Hanc
933 4752 1121 4834 consideret,
1155 4754 1208 4842 qui
1231 4753 1335 4817 adhuc
1357 4754 1470 4816 anxius
1492 4760 1524 4815 et
1546 4750 1696 4815 sollicitus
1719 4759 1861 4814 nostram
1879 4748 2069 4815 emendandi

278 4860 363 4924 viam
386 4872 418 4924 et
439 4863 594 4926 rationem
617 4860 868 4927 addubitaveritl
1293 4846 1294 4849 Ἴ

378 4966 477 5032 1102
500 4992 508 5032 ι
529 4963 720 5055 Ἀρίγνωτος
741 4963 929 5056 πρεσβύτης
958 4967 1206 5055 διεφθαρμένος
1233 4961 1311 5043 τούς
1339 4957 1538 5052 ὀφθαλμούς
1560 5015 1691 5033 .....
1721 4956 1773 5032 ine
1803 4967 1831 5031 δ’
1859 4960 1931 5052 ἔζη,
1961 4965 2071 5029 πᾶσαν

277 5070 334 5156 τήν
362 5069 476 5140 ούσίαν
503 5075 679 5162 διεχείριζε
701 5076 760 5143 dcci
779 5072 834 5164 την
850 5073 1038 5165 [ἀσθένειαν
1052 5069 1107 5143 καί
1119 5074 1185 5166 την]
1203 5072 1374 5162 συμφοράν
1389 5073 1456 5164 [την
1476 5077 1555 5164 περί
1576 5067 1617 5140 τά
1638 5069 1780 5163 ὄμματα]
1795 5079 1852 5139 τοῦ
1871 5062 2069 5157 Ἀριγνώτου.

280 5180 406 5247 Credas
428 5183 619 5249 Aeschinem
641 5208 706 5249 non
729 5185 889 5250 Timarchi
913 5186 1074 5272 exagitare
1095 5187 1268 5272 nequitiam
1292 5183 1348 5249 sed
1370 5183 1486 5248 deflere
1509 5207 1546 5248 ac
1567 5184 1708 5247 miserari
1724 5182 1872 5267 Arignoti
1887 5181 2046 5246 miseriam
2061 5203 2070 5246 t
