4710 5910
1159 349 1200 412 22

287 545 494 633 προσδοκᾷς;
524 544 573 608 Ibi
606 545 689 609 euim
718 548 826 610 omnia
855 568 954 632 penes
976 547 1148 611 Admetum
1171 570 1179 610 τ
1208 562 1367 635 exspectet
1386 572 1527 614 moerore
1548 563 1576 614 et
1588 549 1659 637 fide
1680 573 1755 639 erpa
1775 565 1930 616 mortuam
1949 576 2079 618 errorem

287 677 321 718 re
341 654 433 718 ι’ίίωυ
455 654 566 718 iuuare
587 667 614 717 et
636 653 748 717 leuare.
791 652 884 717 Fidei
907 653 1035 740 quidem
1057 655 1224 742 integritas
1245 657 1278 718 in
1300 666 1457 741 potestate
1479 655 1624 740 Admeti,
1651 678 1711 721 nec
1732 658 1875 721 utilitatis
1897 659 2077 725 consecutio
2168 687 2173 696 ·

288 765 431 825 seiuncta
452 762 491 825 ab
514 761 566 824 illo
590 761 746 846 cogitatur
768 782 787 824 a
807 761 970 825 voluntate
992 763 1098 826 animi.
1136 764 1243 849 Atque
1265 757 1444 842 ἐπιδείξειν
1465 763 1556 827 simul
1579 762 1749 827 voluntatis
1772 775 1803 829 et
1825 775 1957 830 eventus
1978 768 2077 831 notio·

287 892 345 934 nes
360 869 508 933 continet.
545 867 615 932 Nee
638 868 942 933 demonstrationem
964 869 1058 934 eredo
1082 892 1206 933 omnem
1229 870 1370 956 pendere
1392 893 1431 934 ex
1455 871 1590 935 hominis
1605 871 1752 936 arbitrio.
1788 870 1873 936 Nam
1888 885 1921 936 ut
1945 873 2077 939 deorum

286 977 446 1058 auxilium,
478 977 615 1041 iudicum
637 976 906 1060 benevolentiam,
936 979 1106 1042 memoriae
1128 978 1192 1041 vim
1215 981 1374 1059 omittam,
1405 1000 1486 1064 quae
1508 978 1682 1043 Aeschines
1711 980 1779 1067 ipse
1808 984 2076 1066 commemoravit,

286 1085 455 1172 plurimum
479 1086 586 1171 utique
608 1084 647 1149 ad
671 1096 819 1149 eventum
843 1107 913 1149 cum
935 1085 1062 1149 testium
1084 1086 1201 1150 veritas
1221 1095 1288 1149 tum
1309 1106 1416 1149 rerum
1437 1087 1580 1149 tractatio
1604 1087 1696 1166 valet,
1719 1109 1801 1172 quae
1825 1110 1896 1151 cum
1919 1089 2011 1153 simul
2035 1111 2076 1154 ex

286 1215 392 1257 rerum
422 1201 536 1256 natura
565 1192 732 1256 adficiatur
763 1215 826 1256 nou
855 1193 955 1257 omnis
985 1193 1164 1257 revocanda
1190 1192 1317 1258 videtur
1345 1193 1383 1257 ad
1413 1194 1546 1257 oratoris
1567 1194 1760 1258 facultatem.
1805 1192 1945 1260 Omnino
1968 1205 2075 1262 autem

287 1302 440 1366 evertitur
455 1300 527 1365 Tua
541 1301 651 1385 regula
665 1301 725 1364 hoe
741 1300 970 1364 Demosthenis
984 1301 1054 1364 loeo
1070 1299 1207 1385 (XXIII
1224 1302 1296 1384 191)
1312 1323 1320 1363 2
1343 1295 1409 1365 ἔστι
1431 1298 1535 1365 τοίνυν
1554 1322 1605 1377 τις
1627 1292 1738 1376 αὐτοῖς
1756 1304 1904 1378 τοιοῦτος
1919 1294 2013 1389 λόγος
2032 1304 2075 1369 δι’

285 1399 325 1473 οὗ
338 1408 542 1494 προσδοκῶσι
556 1402 718 1492 παράξειν
732 1403 821 1488 όμοῑς
836 1406 903 1472 κτλ.
915 1408 956 1494 *).
992 1406 1091 1472 Vides
1114 1416 1149 1471 ut
1162 1407 1349 1472 Latinorum
1370 1409 1580 1496 eaespectande'
1598 1419 1629 1475 et
1650 1411 1807 1496 sperandi
1826 1412 1925 1475 verba
1947 1413 2076 1476 notione

285 1519 465 1604 propinqua
480 1538 558 1580 esse.
595 1515 753 1582 Secuntur
775 1516 837 1579 iam
859 1516 961 1581 haee:
983 1515 1040 1600 τῆς
1060 1514 1120 1594 μέν
1140 1514 1299 1600 σωτηρίας
1319 1522 1360 1601 τῇ
1380 1505 1476 1580 πόλει
1497 1514 1573 1592 τοδς
1593 1511 1694 1593 θεοὺς
1714 1513 1839 1594 αἰτίους
1852 1513 2076 1603 γεγενημένους

285 1623 340 1689 καί
360 1617 440 1699 νοός
460 1616 709 1708 φιλανθρώπως
729 1623 781 1689 καί
803 1622 945 1709 μετρίως
965 1627 1033 1698 τοῖς
1052 1624 1108 1708 τῆς
1130 1615 1257 1700 πόλεως
1277 1617 1447 1712 πράγμασι
1467 1621 1701 1711 χρησαμένους,
1727 1627 1791 1689 τών
1812 1627 1841 1690 δ’
1863 1617 2076 1711 ἀτυχημάτων

285 1724 437 1797 ἀπάντων
457 1730 678 1818 Δημοσθένην.
722 1731 772 1795 Ita
798 1732 911 1795 mirum
940 1731 1017 1794 mihi
1044 1752 1170 1818 semper
1198 1755 1235 1796 ac
1257 1755 1369 1820 parum
1391 1735 1459 1797 veri
1481 1733 1583 1798 simila
1605 1735 1707 1797 visum
1730 1742 1793 1813 est,
1822 1734 1854 1798 in
1884 1735 1953 1820 ipso
1983 1735 2075 1800 buius

285 1841 435 1904 orationis
463 1839 618 1927 principio
641 1839 834 1903 Aeschinem
863 1847 946 1904 tecte
968 1837 1108 1924 Philippi
1140 1847 1172 1903 et
1192 1839 1367 1904 Alexandri
1400 1861 1477 1926 erga
1497 1841 1716 1906 Athenienses
1749 1841 1951 1905 elementiam
1982 1864 2075 1928 prae·

285 1949 427 2032 dicasse3
460 1971 519 2012 nec
546 1971 609 2034 quo
629 1959 795 2036 praeterea
816 1943 849 2012 οὶ
869 1938 1118 2032 φιλανθρώπως
1137 1940 1193 2013 καί
1212 1947 1351 2031 μετρίως
1371 1952 1439 2024 τοῖς
1459 1949 1517 2032 τῆς
1539 1939 1665 2025 πόλεως
1685 1939 1857 2033 πράγμασι
1878 1944 2074 2034 χρησάμενοι

284 2056 443 2121 referendi
473 2057 537 2120 siut
565 2057 640 2120 satis
671 2058 746 2120 seio.
797 2053 881 2120 Cum
912 2055 1010 2139 igitur
1036 2056 1068 2117 in
1101 2057 1219 2142 optimo
1240 2056 1321 2120 libro
1344 2056 1390 2140 (a)
1413 2079 1470 2143 pro
1492 2057 1544 2121 καί
1566 2052 1647 2132 τσδς
1668 2058 1819 2144 scriptum
1843 2060 1884 2121 sit
1905 2063 1945 2143 τῇ
1966 2050 2073 2141 πόλει,

283 2164 386 2228 locum
415 2164 515 2245 hune,
549 2185 643 2250 quem
671 2185 771 2251 nuper
797 2161 937 2228 nondum
967 2171 1171 2248 persanatum
1194 2142 1264 2228 adse
1287 2164 1368 2244 dixi,
1402 2187 1485 2229 nune
1507 2167 1552 2228 sic
1573 2163 1809 2229 emendandum
1830 2165 1965 2229 arbitror
1986 2187 1994 2228 :
2016 2171 2074 2249 τῆς

282 2269 342 2353 μὲν
373 2269 536 2358 σωτηρίας
565 2262 639 2347 τούς
671 2266 773 2346 ’θεοδς
802 2267 929 2347 αἰτίους
955 2269 1177 2356 γεγενημένους
1204 2277 1245 2358 τῇ
1272 2269 1368 2335 πόλει
1397 2262 1643 2358 φιλανθρώπως
1672 2271 1724 2335 καί
1754 2268 1893 2355 μετρίως
1920 2276 1988 2347 τοῖς
2016 2279 2074 2360 τῆς

284 2368 411 2454 πόλεως
440 2374 609 2464 πράγμασι
636 2379 855 2464 χρησαμένους
880 2376 945 2443 κτλ.
996 2381 1041 2442 At
1069 2378 1153 2442 enirn
1183 2377 1422 2464 φιλανθρωπία
1444 2377 1483 2442 de
1507 2377 1638 2443 deorum
1660 2378 1788 2443 numine
1810 2379 1987 2464 praedicari
2009 2402 2073 2445 nou

283 2488 407 2576 potest!
449 2489 496 2552 At
517 2486 733 2574 praedicatum
754 2508 824 2551 esse
847 2496 981 2567 constat,
1003 2485 1041 2549 cf.
1064 2485 1196 2550 Lucian.
1219 2487 1279 2553 793
1302 2511 1309 2550 :
1337 2479 1445 2552 πάντα
1465 2482 1526 2572 γάρ
1545 2492 1649 2551 ταῦτα
1670 2481 1740 2551 είπδ
1760 2484 2019 2572 φιλανθρωπίας
2039 2485 2074 2553 οἱ

283 2597 360 2662 θεολ
382 2595 517 2661 πονοῦσι
538 2588 623 2680 πρός
643 2590 696 2658 τδν
716 2592 772 2658 ἐπί
793 2600 850 2669 σῦς
864 2595 922 2680 γῆς
934 2594 1006 2675 βίον
1020 2590 1150 2660 ἕκαστοι
1165 2594 1395 2676 ξυντελοῦντες,
1418 2595 1457 2658 of.
1473 2594 1566 2658 Plato
1581 2592 1685 2679 Legg,
1708 2594 1769 2657 713
1784 2593 1814 2676 d,
1839 2592 1941 2659 (λοστ.
1960 2595 2018 2660 189
2033 2617 2074 2660 e:

285 2699 353 2771 ἔστι
382 2699 445 2788 γάρ
474 2707 563 2767 θεῶν
593 2696 628 2784 (ό
649 2696 743 2788 ἔρως)
773 2693 1102 2788 φιλανθρωπότατος.
1155 2702 1242 2780 Quid
1272 2701 1356 2789 quod
1385 2703 1446 2767 ista
1467 2702 1625 2766 acerbitas
1646 2701 1765 2788 optime
1787 2701 1917 2766 consilio
1940 2704 2073 2767 oratoris

285 2811 478 2876 conveniens
506 2820 555 2875 est
584 2809 731 2892 dicentis,
763 2832 845 2896 quae
878 2810 1021 2874 homines
1050 2831 1162 2876 curare
1193 2809 1376 2893 debuerint,
1407 2831 1445 2874 ea
1465 2810 1505 2874 ab
1526 2809 1706 2874 hominibus
1728 2808 1876 2893 neglecta
1898 2809 1957 2873 diis
1979 2830 2073 2874 curae

285 2918 436 3005 cordique
457 2918 565 2983 fuisse.

384 3026 527 3091 11162:
559 3020 645 3106 μετσί
671 3026 759 3089 ταῦτ’
781 3015 877 3112 ἐπῄει
898 3022 1012 3112 χρόνος
1033 3025 1253 3113 Θεμιστοκλῆς
1275 3021 1400 3112 ι’ίρχων·
1431 3019 1561 3088 ἐνταῦθ’
1582 3018 1765 3110 εἰσέρχεται
1794 3019 1994 3113 [βουλευτὴς]
2025 3019 2074 3100 εἰς

282 3129 320 3199 τδ
350 3123 573 3218 βουλευτήριον
606 3129 819 3218 Δημοσθένης
847 3132 913 3199 κτλ.
968 3134 1019 3197 Ibi
1049 3125 1223 3219 βουλευτής
1255 3134 1390 3199 nominis
1419 3132 1639 3219 expulsionem
1666 3141 1702 3195 ut
1728 3131 1975 3214 conmendares,
2007 3155 2073 3197 non

286 3239 441 3305 debueras
463 3262 637 3327 conparare
658 3239 711 3304 III
734 3243 802 3306 125.
839 3241 923 3306 Nam
945 3241 1009 3304 illie
1029 3241 1266 3305 Demosthenes
1288 3240 1401 3304 dicitur
1421 3240 1610 3305 senatoriam
1634 3239 1820 3325 dignitatem
1844 3241 1970 3303 sortitus
1991 3260 2072 3320 esse,

284 3349 336 3412 hio
367 3349 456 3433 (125)
488 3350 520 3411 in
554 3349 673 3412 curiam
703 3349 866 3435 ingressus
898 3349 944 3413 rei
975 3347 1015 3411 ad
1046 3358 1189 3413 senatum
1222 3346 1407 3412 referendae
1434 3370 1539 3411 eausa.
1592 3346 1713 3410 Rerum
1740 3346 1836 3431 igitur
1859 3344 2074 3433 discrepantia

285 3467 405 3544 quanta
434 3457 473 3521 sit
500 3456 703 3520 manifestum
734 3468 790 3520 est.
841 3455 912 3520 Nec
940 3464 1047 3520 tamen
1069 3457 1180 3541 negari
1202 3465 1306 3542 potest
1327 3450 1375 3529 είς
1395 3449 1433 3519 τδ
1452 3444 1678 3539 βουλευτήριον
1699 3450 1863 3517 εἰσελθεῖν
1884 3476 1943 3518 σευ
1963 3454 2072 3519 tritum

285 3566 383 3629 fuisse
413 3565 453 3628 ad
474 3586 590 3628 novam
613 3564 767 3627 senatoris
789 3563 975 3648 dignitatem
1004 3562 1258 3648 significandam,
1289 3564 1327 3627 ef.
1351 3561 1428 3649 Lys.
1452 3561 1499 3627 VI
1520 3563 1561 3628 33
1584 3585 1592 3625 ε
1617 3562 1670 3626 καί
1700 3553 1914 3643 συμβουλεύει
1944 3557 1993 3637 είς
2018 3555 2073 3646 τήν

283 3666 404 3756 βουλὴν
425 3665 536 3736 εἰσιών
557 3668 636 3754 περί
656 3669 781 3734 θισιών
800 3663 855 3734 καί
875 3661 1049 3755 προσόδων
1068 3671 1145 3752 κτλ,
1168 3670 1289 3736 ΧΧΧΙ
1312 3674 1327 3734 1
1353 3694 1359 3734 :
1389 3664 1450 3755 ἐγώ
1476 3668 1505 3733 δ’
1527 3659 1647 3749 όμόσας
1675 3664 1831 3755 εἰσῆλθον
1861 3665 1910 3744 εἰς
1930 3664 1967 3733 τδ
1986 3673 2072 3751 βου-

285 3770 447 3865 λευτήριον
467 3774 509 3843 roi
527 3777 681 3860 βέλτιστα
703 3764 952 3858 συμβουλεάσειν
971 3778 1011 3863 τῇ
1033 3767 1133 3843 πόλει
1155 3777 1221 3842 κτλ.
1265 3775 1372 3854 Quare
1403 3777 1572 3841 admodum
1595 3776 1767 3864 probabilis
1790 3787 1838 3840 est
1860 3775 1932 3840 Tua
1954 3777 2071 3863 opinio.

283 3888 387 3954 Multo
419 3889 561 3952 vitiosius
593 3889 687 3951 etiam
719 3885 803 3973 apud
835 3885 968 3972 Autiph.
991 3885 1039 3949 VI
1059 3888 1101 3951 45
1130 3886 1322 3951 coniunctim
1349 3883 1480 3950 editur:
1513 3882 1651 3969 δρῶντες
1673 3883 1702 3948 δ
1722 3882 1781 3964 ἐμέ
1801 3875 1995 3966 βουλεύοντα
2017 3885 2072 3951 καί

284 3990 413 4062 εἰσιόντ’
436 3991 483 4071 εἰς
503 3990 540 4060 τό
558 3988 796 4081 βουλευτήριον,
818 3994 870 4058 ubi
892 3986 1088 4072 devictione
1108 3994 1160 4059 καί
1187 4017 1249 4058 uon
1272 3992 1333 4057 alia
1355 4015 1394 4056 ex
1417 4014 1513 4057 causa
1535 4002 1638 4056 ortum
1660 4004 1709 4057 est
1730 4014 1825 4079 quam
1849 3992 1934 4077 apud
1954 3992 2071 4056 Aescb.

283 4104 413 4171 111211
442 4129 449 4168 :
471 4098 635 4190 ἐπένθησε
656 4095 712 4167 καί
732 4100 888 4187 ἐκείρατο.

384 4212 495 4278 [1160
517 4234 525 4275 :
554 4211 587 4276 εί
619 4232 703 4287 τινες
729 4206 821 4290 όμαίν
848 4209 883 4273 ἐκ
910 4215 977 4273 τών
1003 4204 1195 4295 ἔμπροσθεν
1221 4199 1345 4294 χρόνων
1371 4203 1503 4294 ἥκουσιν
1525 4201 1675 4296 [oluere]
1697 4199 1847 4291 τοιαύτην
1869 4202 1995 4287 ἔχοντες
2015 4203 2073 4293 την

283 4313 382 4401 δόξαν
397 4320 462 4385 κτλ.
497 4319 584 4383 Nihil
607 4328 692 4382 certe
715 4318 870 4382 attinebat
891 4318 997 4382 dicere
1018 4317 1101 4382 hano
1122 4318 1303 4404 opinionem
1326 4328 1358 4382 et
1380 4318 1543 4405 superiore
1565 4326 1710 4404 tempore
1726 4324 1914 4401 conceptam
1929 4324 1961 4379 et
1976 4316 2070 4380 domo

281 4430 419 4495 adlatam
442 4449 528 4509 esse,
558 4426 732 4491 sufficiebat
753 4424 859 4491 dicere
881 4427 1002 4492 iudicas
1023 4436 1077 4490 aut
1098 4448 1170 4489 eum
1190 4426 1250 4490 hac
1272 4426 1420 4513 opinione
1442 4425 1537 4490 domo
1559 4425 1746 4489 convenisse
1769 4436 1823 4486 aut
1845 4445 1885 4486 ex
1908 4425 2071 4510 superiore

281 4548 424 4623 tempore
446 4537 528 4599 hane
548 4535 727 4621 opinionem
750 4535 900 4599 attulisse.
938 4533 1054 4600 Utrum
1076 4544 1181 4598 autem
1203 4534 1389 4599 adverbium
1410 4533 1447 4599 ἐκ
1460 4534 1522 4598 τών
1536 4527 1726 4616 ἔμπροσθεν
1740 4522 1861 4615 χρόνων
1882 4554 1921 4595 an
1938 4529 2072 4596 σλκοθεν
2145 4622 2147 4626 7

379 4853 406 4921 λ)
427 4854 624 4905 Aristocrateam
648 4851 769 4917 quoniam
791 4857 884 4903 testam
906 4851 1026 4913 adhibui,
1054 4867 1123 4903 nunc
1146 4852 1268 4903 vitiosum
1293 4868 1432 4919 excerpere
1456 4853 1584 4903 emblema
1606 4851 1703 4917 plaeet,
1733 4850 1802 4916 quod
1825 4849 1905 4900 semel
1928 4847 2071 4899 indieatum

280 4957 356 4992 namo
374 4957 426 4991 non
444 4940 499 4990 aina
518 4938 703 5004 disceptatione
721 4945 845 5005 agnoscet
863 4939 982 5003 (§114)=
1000 4931 1088 5007 Κότυς
1106 4933 1176 5012 η’νίιια
1191 4948 1239 5016 μὲν
1256 4933 1399 5008 στασιάζοι
1418 4938 1481 5014 ιιρός
1495 4960 1576 5006 τινας,
1594 4940 1721 5013 πρέσβεις
1738 4946 1843 5014 αίμιιαν
1860 4929 1968 4991 ἅπαντα
1986 4944 2071 4990 ποιεῖν

281 5034 383 5106 ίτσιμσς
400 5015 443 5100 όν,
470 5018 555 5100 λσειδη
574 5025 597 5079 δ’
615 5017 659 5091 de’
678 5024 762 5094 ίαντῷ
779 5018 827 5098 την
847 5018 943 5099 Θρᾴκην
961 5033 1028 5100 ίχσι,
1047 5018 1232 5100 κατελάμβανε
1248 5021 1298 5093 τός
1316 5019 1412 5092 πόλεις,
1437 5021 1528 5098 η’δλκιι,
1553 5019 1677 5102 [μιθέων]
1697 5017 1821 5097 luepulsa
1837 5021 1954 5099 μάλιστα
1971 5029 2019 5098 μίν
2036 5029 2071 5089 είς

280 5108 371 5170 leurdo
389 5103 444 5168 εἷτα
463 5118 504 5167 καί
522 5120 557 5178 τίς
573 5104 652 5189 niptris,
670 5106 715 5185 τόν
731 5105 821 5186 χώραν
839 5112 940 5167 taoetu'
959 5109 1060 5176 ίαυτσῗν,
1079 5106 1110 5167 τό
1129 5111 1235 5189 πρᾶγμα
1253 5103 1393 5188 ἀμάχανον
1409 5099 1449 5186 ple.
1485 5111 1544 5176 Ipso
1562 5111 1687 5176 asyndeto
1706 5108 1796 5174 opinor
1814 5109 2069 5173 interpretamentum

280 5199 345 5251 illud
363 5197 516 5251 excluditur.
