4710 5910
1178 389 1197 453 8

296 596 434 674 temptus
456 585 607 651 audaciae
627 586 766 651 libidinis
788 589 883 669 notio,
907 589 1042 674 quaein
1064 589 1162 652 verbo
1184 589 1293 673 πηδᾶν
1314 590 1501 668 continetur,
1524 612 1636 677 parum
1657 613 1728 655 oum
1757 591 1875 655 leniore
1898 593 1927 655 vi
1950 615 2082 682 praepo·

297 695 418 759 titionis
438 691 532 777 παρά
554 716 731 779 congruere
753 694 887 759 videtur.
932 692 1041 773 Quare
1072 696 1133 760 hoo
1160 695 1289 783 quidem
1320 697 1390 760 loco
1421 699 1533 784 reponi
1565 698 1670 785 placet
1703 690 1980 785 όπερπηδῄσειαν,
2011 724 2082 766 cum

296 803 481 888 praesertim
513 823 553 865 ex
582 801 760 888 propinquo
790 793 1033 888 παραλλάξειαν
1054 806 1325 890 praepositionum
1346 804 1467 868 formae
1489 804 1581 869 facile
1612 804 1763 870 confundi
1794 809 1962 893 potuerint.
2011 809 2081 872 Ari·

297 918 486 973 stocrateam
508 918 614 972 autem
637 907 860 973 Demosthenis
883 911 1033 996 quoniam
1056 911 1162 995 attigi,
1185 912 1396 975 coniecturam
1426 910 1563 996 aliquam
1593 935 1697 976 meam
1728 935 1909 1000 proponere
1939 913 2013 978 Tibi
2040 913 2081 980 ad

295 1013 499 1079 iudicandum
520 1014 606 1079 libet.
649 1013 821 1079 Meministi
844 1017 927 1079 enim
949 1017 1083 1081 multum
1105 1017 1276 1082 multorum
1296 1019 1426 1104 ingenia
1457 1019 1635 1083 exercuisse
1657 1023 1677 1102 ξ
1700 1021 1770 1085 72:
1799 1015 1853 1085 τόν
1881 1010 2003 1088 ἀλόντα
2028 1020 2081 1086 ε’πι

296 1117 438 1206 ἀκουσίῳ
458 1115 570 1206 φόνῳ.
596 1173 602 1186 .
627 1113 769 1209 φεύγειν,
791 1119 853 1198 ἓως
873 1117 911 1185 ἀν
932 1119 1099 1210 αἰδέσηταί
1118 1147 1189 1189 τινα
1217 1125 1283 1189 ταῖν
1310 1119 1342 1188 ἐν
1368 1123 1450 1208 γένει
1476 1125 1536 1190 τοῦ
1562 1118 1776 1203 πεπονθότος.
1828 1125 1919 1206 Quas
1947 1131 1991 1194 ibi
2020 1132 2080 1195 viri

297 1229 381 1295 docti
403 1230 599 1294 conmentati
620 1240 701 1312 sunt,
722 1239 867 1316 repetere
897 1230 988 1311 nolo,
1017 1232 1092 1295 satis
1121 1243 1168 1296 est
1197 1230 1273 1318 quid
1300 1233 1369 1319 ipse
1401 1234 1537 1297 sentiam
1569 1237 1701 1319 aperire.
1754 1233 1964 1301 Scribendum
1997 1240 2079 1302 enim

296 1338 432 1402 arbitror
454 1359 462 1401 ι
484 1333 546 1412 έως
568 1331 607 1401 ἀν
629 1330 784 1423 ἀρέσηταί
804 1359 885 1418 τινα,
909 1347 940 1401 et
960 1341 980 1420 ξ
1003 1339 1042 1403 77
1065 1362 1072 1402 :
1092 1330 1192 1425 μῄπω
1211 1343 1271 1403 τῶν
1292 1329 1509 1420 ἐκβαλλόντων
1528 1336 1624 1406 αὐτόν
1645 1332 1844 1427 ἠρεσμένων,
1871 1345 2018 1410 videlicet
2039 1347 2079 1410 ad

294 1445 512 1510 auctoritatem
533 1442 668 1509 Homeri
689 1444 718 1508 T
742 1446 802 1511 183
823 1469 830 1509 :
853 1435 892 1509 σύ
909 1443 968 1526 μέν
988 1437 1052 1531 γάρ
1065 1470 1097 1511 τι
1119 1442 1307 1532 νεμεσσητὸν
1326 1446 1468 1532 βασιλῆα
1488 1439 1574 1534 ἄνδρ’
1594 1440 1854 1535 ἀπαρέσσασθαι
1869 1450 1934 1516 κτλ.
1956 1450 1973 1515 Ι
1998 1454 2078 1518 112:

295 1543 340 1628 (ἐς
359 1552 413 1619 κέν
438 1574 494 1633 μιν
524 1543 742 1639 ἀρεσσάμενοι
770 1554 986 1635 πεπίθωμεν,
1018 1554 1166 1639 Aeschyl.
1190 1551 1301 1642 Suppl.
1332 1555 1391 1620 631
1422 1555 1515 1640 (le
1547 1548 1714 1643 τοιγάρτοι
1748 1561 1924 1645 καθαροῖσι
1952 1560 2081 1640 βωμοῖς

293 1654 394 1736 θεούς
416 1655 599 1747 ἀρέσονται.
1966 1661 1971 1672 “

394 1768 522 1835 1170:
551 1768 765 1855 Δημοσθένης
789 1766 852 1856 γάρ
880 1764 998 1858 ἐπειδῄ
1024 1764 1080 1855 την
1107 1760 1265 1854 πατρηίαν
1293 1759 1405 1833 σύσίαν
1431 1758 1595 1851 ἀνάλωσε,
1624 1761 1755 1859 περιῄει
1783 1765 1866 1836 κατά
1897 1768 1952 1857 τῄν
1978 1762 2079 1839 πόλιν

292 1868 443 1960 θηρεύων
462 1876 551 1952 νέους
572 1874 750 1954 πλουσίους
772 1867 967 1965 [ἀρφανοός].
1010 1876 1192 1942 Formulam
1208 1878 1496 1963 frequentissimam
1519 1874 1601 1942 κατά
1621 1872 1678 1962 τῄν
1690 1871 1787 1943 πόλιν
1801 1881 1962 1964 περιιέναι
1976 1905 2079 1969 nuper

292 1984 520 2050 restituendam
535 1983 645 2071 putavi
659 2006 717 2072 pro
733 2007 770 2050 eo
793 1984 879 2072 quod
899 1986 933 2048 in
955 1984 1099 2048 omnibus
1116 1983 1275 2048 codicibus
1296 1984 1517 2049 circumfertur
1530 1978 1663 2072 περιῄει
1677 1987 1753 2072 περὶ
1768 1982 1824 2072 τήν
1838 1979 1941 2054 πόλιν.
1983 1989 2078 2055 Nunc

292 2093 372 2177 περλ
393 2089 448 2179 τῄν
468 2083 564 2158 πόλιν
584 2093 698 2157 lalsum
720 2115 790 2157 esse
812 2092 1061 2157 additamentum
1084 2092 1229 2156 existimo
1251 2115 1258 2155 :
1280 2086 1410 2179 περιῄει
1433 2082 1584 2178 θηρεύων
1605 2093 1693 2169 νέους
1717 2116 1819 2182 neque
1852 2095 2019 2161 obscurum
2048 2107 2079 2162 et

292 2201 405 2266 fortius
420 2211 478 2281 est,
498 2200 538 2265 of.
554 2201 647 2265 Dem.
662 2199 711 2264 IV
725 2201 772 2264 10.
794 2198 881 2265 XXI
895 2200 965 2282 211,
981 2199 1051 2280 204,
1069 2201 1138 2281 198,
1161 2198 1261 2265 XXV
1276 2201 1327 2264 ὅθ.
1365 2200 1440 2265 Veri
1456 2200 1647 2264 simillimum
1666 2212 1714 2265 est
1733 2202 1845 2267 eodem
1860 2203 1955 2268 modo
1972 2227 2077 2268 emen·

293 2308 362 2374 dari
383 2306 499 2373 debere
520 2307 672 2372 Dinarch.
695 2307 711 2371 l
732 2308 793 2375 85:
816 2301 949 2392 αἰσχρόν
968 2301 1030 2390 γάρ
1053 2353 1110 2371 ...
1133 2302 1260 2393 ἑτέρους
1279 2307 1339 2387 μὲν
1358 2302 1424 2371 ἀπὸ
1443 2309 1506 2371 τῶν
1526 2306 1758 2394 Δημοσθένους
1779 2302 2002 2397 ψηφισμάτων
2022 2362 2028 2375 .
2045 2361 2076 2377 ..

290 2405 516 2497 ἀπολωλότας,
539 2415 664 2481 τουτονί
685 2414 721 2481 δέ
743 2414 1006 2499 καταφρονοῦντα
1028 2409 1113 2494 ὑμῶν
1133 2413 1187 2479 καί
1208 2420 1271 2478 τῶν
1290 2406 1394 2495 νόμων
1414 2408 1614 2501 ἀτιμώρητον
1642 2413 1686 2503 [ἐν
1705 2421 1747 2502 τῇ
1767 2408 1877 2506 πόλει]
1907 2415 2075 2504 περιιέναι,

289 2526 322 2590 in
343 2524 431 2588 libris
454 2523 580 2611 quidem
602 2517 634 2586 ἐν
654 2528 694 2611 τῄ
712 2516 806 2588 πόλει
829 2520 986 2586 diversam
1007 2519 1115 2586 sedem
1137 2522 1242 2603 habet,
1265 2545 1328 2609 quo
1344 2522 1558 2587 additamento
1581 2523 1681 2587 eiecto
1702 2524 1751 2586 vis
1771 2524 1860 2587 verbi
1876 2516 2076 2612 ἀτιμώρητον

231 2688 234 2693 .
290 2643 434 2719 augetur.
477 2630 688 2719 Eandemque
711 2630 900 2696 medicinam
921 2628 1132 2694 adhibendam
1154 2640 1231 2717 puto
1253 2629 1347 2694 Dem.
1370 2628 1457 2696 XIX
1478 2630 1571 2695 225:
1601 2623 1684 2708 μετά
1704 2630 1732 2694 δ’
1753 2625 1919 2712 Αἰσχίνου
1941 2631 2076 2720 περιέρ-

288 2761 380 2821 χεται
403 2731 467 2826 [τήν
488 2731 621 2826 ἀγοράν]
644 2730 749 2823 κύκλῳ
764 2737 819 2803 καί
837 2728 1041 2818 βουλεύωσι.
1084 2735 1159 2822 Ipse
1189 2735 1316 2823 quidem
1346 2758 1448 2824 nuper
1474 2737 1564 2820 (Var.
1593 2736 1632 2800 L.
1659 2737 1734 2821 510)
1763 2749 1798 2802 ut
1826 2750 1920 2804 antea
1946 2740 2075 2828 chyne

289 2847 422 2934 (Mnem.
446 2847 529 2913 VIII
550 2847 604 2930 93)
627 2848 820 2934 proposuisti
841 2845 881 2910 ad
904 2845 1068 2931 vulgarem
1094 2843 1218 2908 dicendi
1240 2843 1499 2909 consuetudinem
1519 2839 1602 2908 κατά
1618 2837 1813 2932 τῄνάγοράν,
1836 2846 1892 2910 sed
1915 2870 2075 2934 nusquam

288 2976 350 3042 ego
372 2947 480 3039 κύκλῳ
505 2952 689 3018 adiunctum
717 2955 853 3040 repperi.
912 2951 986 3016 Hoc
1016 2964 1121 3016 autem
1148 2951 1218 3039 ipso
1248 2951 1399 3015 adverbio
1426 2951 1666 3036 grammaticos,
1697 2962 1732 3016 ut
1759 2953 2073 3040 interpretamentum

287 3062 458 3142 adicerent,
480 3061 628 3127 invitatos
650 3081 719 3125 esse
740 3060 906 3147 probabile
929 3069 985 3124 est.

386 3169 402 3234 I
426 3170 508 3234 172:
530 3160 712 3254 Νικόδημος
733 3167 762 3233 δ’
785 3164 803 3232 ό
824 3158 1011 3253 Ἀφιδναῖος
1033 3157 1336 3254 [ἀπ’Ἀριστάρχσυ]
1359 3155 1563 3252 τετελεύτηκε
1575 3164 1677 3251 βιαίῳ
1691 3159 1833 3252 θανάτῳ.
1870 3167 1942 3233 Ησσ
1956 3192 2074 3235 nomen

285 3278 397 3364 utique
419 3276 498 3341 falso
522 3274 666 3341 additum
695 3297 766 3340 esse
795 3276 976 3362 quicunque
1003 3283 1104 3338 totum
1132 3276 1360 3338 sententiarum
1388 3273 1539 3338 ambitum
1570 3275 1792 3361 conparaverit
1813 3275 1905 3340 facile
1928 3277 2071 3341 sentiet:

285 3384 470 3450 Aristarcho
493 3382 729 3448 Demosthenes
751 3393 858 3446 tantae
880 3380 1040 3467 nequitiae
1062 3391 1172 3445 auctor
1194 3380 1261 3462 fuit,
1283 3392 1318 3445 ut
1348 3403 1418 3444 cum
1447 3380 1499 3443 ille
1530 3382 1631 3467 patria
1662 3383 1888 3446 exterminatus
1920 3383 1975 3464 sit,
2004 3383 2074 3470 ipse

284 3494 346 3557 tria
367 3491 494 3562 talenta.
517 3489 712 3554 Nicodamus
734 3510 810 3553 vero
833 3499 968 3553 mortem
989 3487 1124 3552 subitam
1146 3490 1312 3552 invenerit.
1355 3487 1496 3554 Ubinam
1515 3487 1566 3551 hic
1588 3488 1674 3552 locus
1696 3497 1744 3552 est
1763 3490 1796 3552 in
1813 3499 1953 3554 extremo
1975 3513 2073 3555 enun-

284 3601 361 3664 tiato
383 3597 558 3663 Aristarchi
581 3594 891 3665 conmemorationi?
944 3594 1101 3660 Nimirum
1131 3593 1298 3659 Nicodemi
1328 3616 1412 3658 mors
1444 3615 1508 3657 uon
1529 3595 1633 3658 minus
1655 3616 1695 3659 ex
1722 3593 1848 3681 perdita
1870 3597 2071 3662 consiliorum

284 3708 405 3772 ratione
427 3703 579 3792 profluxit
601 3726 695 3791 quam
718 3704 895 3768 Aristarchi
918 3702 1084 3768 consilium
1107 3714 1138 3766 et
1158 3702 1385 3766 Demosthenis
1400 3701 1599 3766 conmodum.
1644 3700 1854 3767 Nicodemum
1873 3704 2009 3792 denique
2031 3706 2071 3771 ab

283 3812 470 3879 Aristarcho
494 3814 720 3898 interemptum
742 3810 840 3874 fuisse
862 3810 1009 3897 quisnam
1030 3820 1096 3874 tum
1118 3809 1359 3874 Atheniensium
1381 3809 1505 3873 nescius
1527 3808 1621 3873 erat?
2029 3822 2033 3832 '

382 3919 400 3984 Ι
422 3920 506 3984 174:
529 3909 605 3984 ὥστ’
619 3908 688 3983 σύδ·
701 3907 950 4005 ἀπαντήσεσθαί
971 3939 1013 3999 με
1036 3912 1096 4004 [εἰς
1110 3911 1146 3983 τδ
1159 3911 1375 4004 δικαστήριον]
1390 3897 1670 4001 ἀπολογησόμενον
1690 3909 1768 3983 ὅταν
1791 3915 1857 4005 [τῆς
1878 3917 2070 4008 πρεσβείας]

282 4025 342 4103 τάς
363 4020 506 4103 εόθύνας
527 4024 618 4091 διδῶ.
662 4025 771 4091 Sinin
795 4024 885 4088 codd.
908 4027 948 4108 A,
980 4034 1012 4088 at
1033 4033 1142 4089 contra
1162 4025 1194 4088 in
1216 4023 1275 4088 B:
1307 4018 1363 4089 ἐπὶ
1395 4021 1433 4089 τό
1466 4016 1689 4111 δικαστήριον,
1722 4024 1902 4113 deinceps:
1931 4024 1992 4104 τάς
2016 4033 2072 4114 τῆς

282 4133 465 4223 πρεσβείας
485 4129 638 4211 εὐθύνας.
681 4132 767 4197 Istae
789 4131 914 4218 quidem
938 4133 1076 4196 rationes
1099 4131 1262 4196 cuiusnam
1283 4131 1422 4195 muneris
1445 4142 1553 4196 essent
1567 4133 1617 4195 vel
1637 4134 1727 4220 pueri
1743 4145 1809 4197 tum
1824 4144 1855 4197 et
1868 4136 2071 4201 mulierculae

284 4245 456 4310 sciebant:
479 4243 634 4307 iudicibus
666 4250 732 4305 tam
764 4239 901 4304 verbosa
932 4239 1106 4326 loquacitas
1138 4238 1314 4304 molestiam
1344 4239 1511 4303 attulisset.
1564 4238 1805 4327 Supervacuum
1832 4243 1927 4306 etiam
1956 4237 2004 4318 εἰς
2033 4235 2074 4308 τύ

283 4343 500 4439 δικαστήριον.
542 4350 640 4416 Ratio
663 4360 768 4413 autem
790 4368 861 4411 oum
883 4361 1018 4433 angetur
1040 4347 1139 4431 signis
1161 4346 1308 4426 externis,
1330 4346 1440 4432 utique
1462 4347 1746 4434 obtemperandum
1769 4358 1826 4415 est.

382 4458 399 4523 I
424 4460 483 4524 175
505 4482 512 4523 :
535 4454 605 4524 ἀλλ’
626 4446 815 4537 ύπολάβεθ’
834 4450 914 4541 ἐρᾶν
944 4446 1183 4541 εἰσεληλυθότα
1205 4448 1273 4519 ἀπδ
1292 4458 1351 4518 τοῦ
1370 4452 1583 4540 δικαστηρίου
1603 4453 1719 4520 claude
1742 4448 1820 4545 [xci]
1844 4449 2072 4539 σεμνυνόμενον

281 4565 315 4633 ἐν
334 4566 374 4654 τῇ
393 4572 459 4631 τω”ν
478 4563 655 4651 μειρακίων
676 4565 831 4650 διατριβῇ
851 4561 917 4627 κτλ.
961 4560 1086 4649 Copula
1109 4562 1164 4629 καὶ
1186 4562 1275 4626 deest
1297 4561 1330 4625 iu
1353 4563 1472 4649 optimo
1493 4561 1574 4625 libro
1597 4562 1649 4647 (f),
1672 4562 1725 4627 ubi
1748 4565 1921 4629 recentiore
1944 4567 2072 4631 demum

282 4697 378 4739 manu
399 4676 526 4762 appicta
555 4684 612 4741 est.
655 4672 814 4739 Nimirum
835 4692 899 4735 non
930 4669 1008 4734 illud
1035 4668 1200 4755 indignum
1228 4679 1296 4734 erat
1322 4668 1477 4751 futurum,
1506 4668 1757 4735 Demosthenem
1787 4670 1914 4737 domum
1942 4673 2071 4756 redisse,

282 4783 340 4849 sed
361 4783 460 4863 illum,
484 4781 537 4847 ubi
558 4783 697 4869 primum
719 4778 847 4844 domum
868 4779 1041 4858 intraverit,
1056 4777 1281 4842 iactabundum
1301 4787 1333 4841 et
1347 4777 1520 4863 gloriosum
1536 4798 1599 4863 qua
1612 4779 1681 4864 ipse
1695 4787 1764 4842 arte
1778 4778 1897 4843 iudices
1913 4778 2074 4867 deceperit

280 4891 511 4978 expositurum.
555 4888 668 4956 Simile
699 4887 811 4951 vitium
844 4885 904 4949 sibi
936 4886 1110 4949 correxisse
1136 4884 1260 4949 videtur
1286 4883 1452 4948 Hamaker
1472 4882 1524 4946 III
1554 4883 1640 4949 173:
1668 4873 1809 4961 ἀπιστσς
1841 4883 1878 4950 δέ
1907 4887 1960 4951 καί
1991 4880 2072 4970 περὶ

278 5000 382 5064 ταῦτα
402 4990 504 5080 δόξας
523 4988 610 5063 εἶναι
632 4987 710 5084 [κατ’]
731 4986 805 5070 τούς
825 4987 943 5076 λόγους
964 4985 1111 5078 ἐκφέρων
1129 4997 1198 5070 τοῖς
1217 4987 1394 5068 ἀντιδίκοις
1414 4981 1615 5076 ἀνεπήδησεν
1643 4986 1699 5058 ἐπί
1726 4987 1763 5057 τό
1781 4995 1886 5080 βῄμα,
1916 4993 1973 5058 σεδ
2002 5018 2070 5060 ora·

280 5108 398 5172 tionem
421 5107 607 5171 dissolutam
628 5107 672 5170 ita
694 5125 848 5169 consuere
870 5109 1019 5188 praestat,
1042 5109 1077 5163 ut
1095 5091 1152 5165 καί
1179 5094 1253 5175 τούς
1282 5091 1398 5184 λόγους
1425 5093 1575 5184 ἐκφέρων
1600 5101 1668 5174 τοῖς
1695 5093 1873 5177 ἀντιδίκοις
1909 5111 2072 5189 tamquam

279 5214 436 5280 emblema
457 5238 498 5281 ex
518 5213 553 5281 Π
576 5213 636 5280 165
656 5211 788 5277 inlatum
812 5231 944 5298 prorsus
966 5209 1125 5272 eiciamus.
