4710 5910
1127 371 1147 436 9

345 570 445 635 1188
467 593 475 634 :
496 561 621 658 γράψει
645 569 673 634 δ
695 566 740 656 [ἐν
769 573 835 643 τοῖς
864 565 1083 658 ψηφίσμασιν]
1113 560 1212 651 εὐχάς
1234 566 1319 653 ὑπὲρ
1344 574 1402 655 τῆς
1430 556 1558 643 πόλεως
1584 572 1656 642 ταῖς
1685 569 1818 648 σεμναῖς
1844 571 1951 643 θεαῖς.
1993 568 2032 632 In

247 680 372 767 optimis
393 679 482 744 libris
504 674 536 742 ἐν
558 681 709 743 emissum
732 688 787 741 est.
832 676 1059 743 Additamentu
1087 676 1306 742 huiuscemodi
1334 687 1421 741 recte
1450 698 1484 740 se
1506 675 1634 756 liabent,
1667 676 1721 739 ubi
1753 677 1901 761 cogitatio
1930 676 2032 740 subite

247 785 443 851 audientium
466 786 505 850 ad
527 786 573 850 rei
595 796 734 849 remotae
755 784 1008 849 recordationem
1029 795 1205 865 revocatur,
1228 785 1325 848 veluti
1348 785 1439 849 Dem.
1463 783 1539 847 Mid.
1565 783 1653 848 170:
1683 777 1751 847 οὐδ’
1780 774 1818 847 όν
1846 778 2032 867 ἠνέσχεσθε,

247 890 278 959 εί
298 889 510 981 πρσσίγραψέ
530 915 582 969 τις
602 891 635 959 ἐν
653 892 692 979 τῇ
713 880 813 979 στήλη
834 886 956 972 ἐξεῖναι
978 890 1016 957 δέ
1037 892 1091 958 καί
1112 891 1194 976 κτλ,
1216 914 1290 956 nam
1313 892 1352 955 de
1380 890 1555 955 Harmodio
1589 890 1712 955 dixerat
1740 902 1773 954 et
1801 892 2030 978 Aristogitone,

247 1003 324 1067 nihil
347 1001 387 1067 de
410 1012 513 1067 statua
534 1003 566 1065 in
587 1000 740 1065 honorem
761 1000 886 1065 illerum
917 1000 949 1063 in
977 999 1046 1063 fore
1077 999 1248 1064 conlocata.
1302 1001 1348 1062 At
1378 991 1522 1084 γράψειν
1553 988 1652 1079 εόχάς
1680 1002 1753 1073 ταῖς
1775 1002 1908 1078 σεμναῖς
1935 1001 2034 1074 θεαῖς

248 1111 440 1174 senatoriam
464 1111 624 1174 continere
648 1108 836 1193 dignitatem
859 1117 891 1172 ct
914 1108 1070 1171 actionem
1093 1106 1239 1171 omnibus
1262 1114 1346 1170 certe
1368 1104 1615 1169 Atheniensibus
1637 1115 1746 1168 notum
1770 1117 1852 1186 erat,
1876 1105 1914 1170 ef.
1940 1105 2032 1170 Dem.

247 1217 325 1282 Mid.
350 1219 432 1283 115:
454 1209 546 1281 sicea
567 1216 625 1296 μέν
644 1237 688 1297 με
709 1203 873 1300 είσττήρτα
893 1209 977 1300 όπέρ
999 1215 1055 1301 τῆς
1075 1212 1198 1302 βουλῆς
1219 1211 1422 1300 ἱεροποιῆσαι
1443 1211 1498 1278 καί
1522 1217 1625 1278 θεῖσαι
1645 1205 1704 1278 καί
1724 1203 1951 1299 κατάρξασθαι
1971 1214 2034 1277 τῶν

247 1321 343 1409 ἱερῶν
365 1319 448 1408 ύπδρ
472 1319 558 1404 ὑμῶν
579 1324 632 1389 καί
655 1315 728 1408 ὅλης
748 1327 805 1406 τῆς
826 1313 954 1397 πόλεως
974 1320 1040 1386 κτλ.

346 1429 379 1494 II
404 1431 442 1494 12
463 1431 637 1494 rectissime
659 1429 861 1494 scribendum
884 1451 955 1494 esse
977 1427 1052 1493 Tibi
1073 1429 1191 1515 placuit
1212 1451 1219 1491 :
1242 1421 1391 1502 disertae
1412 1423 1474 1513 γάρ
1497 1424 1558 1516 [όν]
1583 1423 1665 1505 ὑμᾶς
1686 1418 1779 1509 οἶμαι
1800 1420 1897 1493 τσῦτό
1911 1430 1937 1514 γ’
1956 1423 2034 1494 αύτύ

154 1610 159 1618 .
245 1526 462 1624 μνημονεύειν.
521 1538 632 1622 Atque
662 1558 731 1600 rem
762 1536 942 1600 inchoatam
975 1546 1010 1599 ut
1037 1535 1217 1615 absolvam,
1247 1558 1287 1599 ex
1314 1535 1440 1622 optimis
1469 1534 1628 1599 codicibus
1660 1534 1879 1622 reponendum
1900 1535 2033 1601 iudice:

246 1639 394 1720 ἅπαντας
414 1643 476 1728 γάρ
498 1635 588 1725 οίμαι
611 1638 708 1726 ὑμᾶς,
729 1654 761 1706 et
782 1647 802 1726 ξ,
823 1644 865 1708 84
886 1666 893 1707 :
916 1644 971 1711 καί
992 1647 1083 1707 ταῦτ’
1103 1634 1197 1725 οίμαι
1219 1634 1343 1718 πάντας
1366 1638 1450 1722 ὑμᾶς
1470 1634 1687 1728 μνημονεύειν,
1710 1643 1764 1707 ubi
1780 1643 1861 1707 male
1887 1633 1925 1708 άν
1938 1644 2033 1708 inter-

246 1774 424 1840 posueram.

346 1859 380 1924 II
402 1860 423 1924 6
445 1881 452 1922 :
475 1848 626 1945 ἐπηρώτα
646 1852 678 1923 εί
696 1847 792 1921 σῖόντ’
813 1855 900 1922 ἐστίν
921 1851 955 1920 ἐν
973 1863 1015 1944 τῇ
1035 1848 1117 1942 αύτῇ
1136 1848 1232 1922 πόλει
1247 1845 1465 1942 Φιλοκράτους
1484 1856 1543 1940 μὲν
1566 1846 1707 1922 θάνατον
1727 1858 2034 1947 καταψηφίσασθαι,

247 1959 293 2033 ότι
317 1959 491 2051 καταγνούς
512 1962 631 2031 ἑαυτοῦ
653 1955 797 2052 [α’δικεῖν]
821 1955 875 2047 τήν
896 1961 1003 2048 κρίσιν
1029 1956 1086 2045 οόχ
1109 1959 1295 2046 ἐπέμεινα,
1324 1964 1403 2044 ἐμοῦ
1431 1964 1461 2029 δ’
1490 1960 1683 2050 α’πσγνιῖναι.
1737 1966 1878 2031 Verbum
1910 1961 2035 2031 ἀδικεῖν

247 2075 392 2140 codicum
416 2073 603 2137 testimoniis
625 2094 729 2159 paene
752 2072 935 2136 damnatum
957 2074 1039 2135 tueri
1061 2093 1125 2135 nen
1148 2070 1317 2136 debueram
1348 2070 1390 2136 ad
1420 2071 1653 2137 similitudinem
1685 2072 1933 2160 Ctesiphonteae
1963 2077 2033 2139 214.

245 2182 295 2246 Ibi
318 2183 401 2245 enim
422 2180 598 2266 inprobitas
619 2180 768 2242 universa
790 2180 940 2265 carpitur,
962 2178 1013 2243 hic
1035 2172 1299 2263 καταγιγνώσκειν
1320 2180 1361 2243 ad
1376 2203 1473 2244 unum
1494 2191 1590 2267 atque
1612 2192 1733 2245 certum
1747 2184 1866 2245 crimen
1887 2185 2033 2269 pertinet,

245 2290 411 2353 universae
433 2288 603 2351 iniustitiae
624 2287 782 2350 rationem
803 2308 868 2350 nen
889 2286 1034 2367 admittit,
1057 2288 1096 2351 cf.
1119 2288 1213 2351 Dem.
1236 2286 1323 2351 XIX
1343 2288 1414 2352 212.
1457 2288 1626 2353 Emblema
1647 2299 1750 2354 ertum
1772 2290 1897 2355 videtur
1926 2313 1965 2356 ex
1989 2293 2033 2356 eis

145 2427 154 2438 ·
246 2418 328 2483 quae
350 2405 500 2459 secuntur
523 2389 584 2457 :ei
603 2388 665 2477 γάρ
687 2388 705 2456 ό
725 2386 903 2477 καταγνούς
923 2390 1043 2458 ἑαυτοῦ
1068 2394 1122 2458 καὶ
1150 2389 1195 2478 μή
1225 2390 1339 2479 παριύν
1366 2384 1477 2459 α’δινεῖ
1503 2396 1570 2461 κτλ.
1621 2395 1721 2460 Paulo
1752 2407 1826 2482 pest
1854 2398 1963 2463 dubito
1993 2421 2032 2463 an

246 2501 407 2569 Graecum
429 2524 493 2565 nen
516 2502 557 2565 sit
578 2524 586 2564 ε
608 2492 670 2584 ἐγώ
689 2499 718 2564 δ’
740 2495 792 2564 ἐπ’
818 2495 909 2584 αύτῷ
937 2493 1042 2585 τούτῳ
1064 2501 1198 2577 δικαίως
1219 2492 1259 2567 όν
1285 2492 1506 2584 ὑπολαμβάνω
1541 2495 1707 2591 [μάλιστα]
1741 2495 1926 2586 σώζεσθαι,
1960 2507 2034 2592 quia

246 2608 383 2684 δικαίως
403 2632 475 2673 cum
496 2610 595 2672 verbe
618 2598 789 2687 σώζεσθαι
811 2609 959 2694 coniungi
984 2608 1087 2673 debet.

345 2717 379 2781 11
404 2718 442 2781 10
463 2740 471 2780 :
491 2715 544 2781 καί
565 2712 652 2799 μετά
672 2716 819 2802 σπουδῆς
840 2714 894 2780 καί
917 2717 1055 2800 κραυγῆς
1077 2714 1220 2804 [πολλῆς]
1243 2709 1504 2804 παρεκελεύσαθ’
1532 2711 1612 2796 ύμῖν.
1627 2712 1852 2800 φυλάξασθαι.
1896 2718 2034 2785 Codices

245 2825 392 2899 meliores
414 2834 447 2888 et
474 2822 596 2909 πολλῆς
624 2825 775 2888 emittunt
811 2836 843 2888 et
880 2816 1108 2888 διεκελεύσαθ*
1143 2834 1321 2910 praestant,
1362 2846 1498 2911 querum
1529 2834 1697 2910 utrumque
1730 2827 1819 2911 sequi
1851 2824 2033 2893 debueram.

245 2931 328 2997 Nam
350 2930 539 2995 adiectivum
567 2931 644 2995 illud
665 2929 901 2995 Demosthenes
923 2930 990 2995 fere
1015 2953 1141 3018 semper
1163 2932 1288 3012 emittit,
1312 2930 1488 2996 Aeschines
1508 2942 1613 2995 autem
1636 2931 1671 2996 Π
1700 2932 1741 2998 86
1771 2932 1846 2997 dicit
1871 2938 1950 3020 βοῆς
1978 2934 2033 3002 καί

244 3037 671 3126 κραυγής,ιι1)ἰτειοοιικα1
694 3044 835 3124 κραυγῆς
865 3039 1042 3125 suspicione
1071 3061 1134 3103 non
1163 3061 1299 3103 vacuum
1329 3049 1386 3102 est.
1437 3037 1583 3103 Verbum
1610 3061 1686 3103 vero
1717 3039 1970 3108 διακελέυεσθαι
2000 3054 2036 3109 ut

245 3148 347 3221 rarius
369 3155 417 3210 est
436 3148 481 3210 ita
501 3143 663 3210 Graecum
685 3159 718 3211 et
737 3147 878 3211 Atticum
900 3146 1041 3211 habetur.

344 3254 379 3320 II
403 3253 470 3318 13:
493 3247 637 3318 ἐνταῦθα
660 3251 699 3339 δή
720 3255 841 3320 δίδωσι
861 3246 1021 3343 ψήφισμα
1043 3245 1243 3339 Φιλοκράτης
1263 3247 1282 3318 ό
1301 3245 1488 3336 Ἁγνούσιος,
1513 3250 1589 3342 [καί]
1612 3248 1633 3318 ό
1655 3253 1754 3338 δήμος
1782 3248 1872 3331 άπας
1890 3251 2034 3340 ὁμογνω-

245 3367 347 3443 μονῶν
368 3351 616 3448 ἐχειροτόνησεν.
659 3359 797 3428 Codices
816 3364 963 3426 meliores
984 3360 1113 3448 quidam
1135 3362 1286 3425 emittunt
1305 3352 1369 3442 καί,
1391 3360 1563 3447 legendum
1585 3383 1663 3447 erge
1685 3384 1693 3425 ι
1722 3357 1797 3428 ddi
1819 3362 1921 3448 δῆμος
1942 3353 2033 3441 ἅπας

245 3467 312 3534 κτλ.
354 3468 516 3555 Deinceps
539 3474 558 3551 ξ
583 3471 620 3533 14
640 3470 858 3556 reponendum
881 3492 889 3532 ε
911 3463 1089 3552 παρελθών
1109 3468 1138 3532 δ’
1158 3462 1177 3531 ό
1197 3466 1440 3553 praemittentes
1469 3465 1711 3560 [Δημοσθένηςλ
1762 3471 1909 3537 Praestat
1939 3475 2033 3539 etiam

245 3581 265 3660 ξ
290 3578 328 3642 15
349 3575 453 3641 dicere
473 3567 725 3665 κατελήφθησαν
746 3600 804 3664 pre
826 3579 958 3662 vulgata
978 3571 1275 3663 ἐγκατελήφθησαν,
1298 3575 1385 3663 quod
1405 3579 1516 3640 vitium
1538 3600 1598 3642 usu
1618 3580 1814 3644 tritissimum
1837 3589 1893 3643 est.

346 3684 380 3748 II
402 3685 443 3748 22
465 3708 472 3747 :
494 3675 650 3761 τοιαύτας
670 3681 851 3766 ἐπιβουλάς
871 3685 940 3750 κατ’
963 3677 1089 3770 όνδραῖν
1111 3685 1271 3750 συσσίτων
1293 3683 1359 3772 [καί
1384 3682 1635 3772 συμπρέσβεωνή.
1690 3686 1857 3752 Emblema
1877 3687 1937 3751 hec
1963 3711 2033 3753 cum

248 3793 350 3856 omnis
372 3814 391 3856 a
412 3794 432 3872 ἓ
454 3792 496 3857 20
518 3791 687 3879 disputatio
708 3802 775 3857 tum
797 3794 945 3857 acerbum
968 3792 1053 3878 quod
1075 3792 1217 3878 sequitur
1240 3792 1466 3857 Demosthenis
1489 3793 1605 3858 dictum
1627 3795 1740 3879 arguit.

345 3899 379 3965 11
400 3901 441 3965 23
463 3922 470 3962 :
492 3895 585 3984 ἡμεῖς
606 3899 644 3965 δέ
665 3949 672 3965 .
696 3950 733 3964 ..
762 3892 915 3986 Ἀθήνησι
943 3900 1001 3980 μὲν
1029 3888 1132 3988 [ἦμεν]
1162 3895 1252 3980 άξιοι
1284 3905 1341 3985 τῆς
1369 3894 1529 3984 ύμετὲρας
1555 3901 1711 3982 πίστεως,
1741 3895 1780 3965 ου’
1806 3891 1867 3985 γάρ
1892 3897 1931 3966 eir
1950 3922 2033 3967 ποτε

246 4000 332 4090 ἡμᾶς
354 4002 497 4084 εἵλεσθε,
519 3998 670 4082 ἐλθόντες
690 4007 719 4071 δ’
739 4003 790 4083 εἰς
810 4006 1018 4074 Μακεδονίαν
1033 4005 1209 4096 [ἐξαίφνης]
1226 4000 1406 4093 ἐγενόμεθα
1422 3999 1595 4093 προδόται.
1637 4007 1818 4095 Utrumque
1834 4030 1874 4073 ex
1889 4009 2032 4074 codicum

245 4115 368 4178 ratione
390 4125 572 4200 suspectum
587 4113 629 4199 *),
652 4105 730 4200 ἦμεν
750 4137 826 4178 vere
850 4125 936 4179 certo
959 4115 1072 4181 falsum
1094 4126 1151 4179 est.
1194 4114 1266 4180 Nee
1297 4116 1379 4180 enim
1410 4137 1450 4179 an
1481 4112 1597 4178 fuerint
1626 4113 1687 4179 fide
1720 4114 1807 4201 digni
1840 4119 1946 4202 agitur
1977 4115 2033 4180 sed

244 4223 352 4308 potius
373 4243 413 4285 an
436 4222 652 4286 Athenienses
673 4222 756 4286 hanc
777 4225 960 4309 opinionem
981 4223 1157 4288 habuerint.
1204 4222 1312 4303 Quare
1342 4233 1476 4309 utroque
1505 4221 1719 4285 additamento
1751 4224 1849 4286 eiecto
1871 4221 2031 4286 emendari
2070 4201 2073 4210 ¹

245 4329 350 4415 placet
372 4352 379 4391 τ
402 4320 554 4404 ἐλθόντες
576 4330 604 4394 δ’
625 4324 673 4404 είς
694 4331 903 4395 Μακεδονίαν
923 4320 1128 4416 ἐφαινόμεθα
1149 4321 1320 4416 προδόται.
1362 4330 1414 4394 Ac
1435 4330 1527 4393 simili
1548 4327 1650 4393 studio
1664 4330 1896 4416 perspicuitatis
1921 4330 2031 4395 intule-

245 4445 319 4502 runt
342 4432 458 4525 [Dem]
482 4435 640 4502 XXV13
662 4429 907 4522 παρεσκεύασεν
929 4439 978 4501 vel
1000 4427 1231 4503 κατεσκεύασεν
1252 4439 1394 4503 verbnm.

345 4543 470 4608 1131:
501 4545 554 4609 καί
585 4537 712 4610 πάντων
738 4535 785 4608 τόν
806 4536 935 4624 ε’ίποτμι
963 4536 1134 4630 μάρτυρας
1154 4540 1213 4622 τάς
1239 4543 1367 4610 ἐκείνων
1388 4540 1567 4621 ἐπιστολάς
1595 4535 1799 4632 παρειχόμην
1824 4542 1880 4609 καί
1904 4539 1947 4609 τά
1970 4555 2031 4630 ψη-

246 4650 395 4735 φίσματα
416 4651 482 4714 κτλ.
526 4649 624 4738 Sequi
648 4652 820 4717 debueram
842 4653 1006 4717 meliorum
1027 4654 1180 4717 librorum
1203 4654 1433 4734 auctoritatem,
1456 4655 1509 4740 qui
1531 4651 1716 4738 μαρτυρίας
1744 4650 1916 4739 praebent,
1946 4652 2031 4717 unde

245 4760 351 4824 nescio
373 4783 414 4824 an
434 4757 618 4844 μαρτυρίαν
638 4759 824 4823 eliciendum
848 4759 1001 4841 videatur,
1024 4760 1062 4823 cf.
1087 4759 1166 4824 Plat.
1189 4759 1302 4847 Symp.
1328 4760 1426 4825 1791).

342 5107 369 5176 *)
386 5109 506 5160 Fortasse
524 5108 646 5184 ἐξαίφνης
664 5111 762 5161 fautum
781 5118 821 5162 eet
837 5111 870 5161 sd
888 5111 1067 5163 auctoritatem
1085 5112 1161 5162 Dent.
1178 5111 1242 5162 XIX
1260 5114 1329 5162 802:
1347 5105 1508 5189 ηὐτομόλησε
1524 5119 1564 5169 καί
1582 5108 1713 5189 apodians
1730 5118 1771 5168 καί
1788 5121 1891 5188 γίγανιν
1910 5111 2032 5188 ίξαίφνης
2105 5071 2107 5075 '

243 5188 310 5270 ύπίρ
328 5198 470 5250 Φιλίππου.

1812 5282 1833 5346 2
