4710 5910
1155 380 1192 443 18

281 576 470 642 emendandi
492 577 648 656 videntur,
670 591 705 641 ut
718 588 853 663 utroque
868 578 1023 642 scribatur
1045 576 1253 661 πρῶτονμὲν.
1286 576 1370 642 Nam
1385 576 1471 666 quod
1487 577 1611 642 codices
1626 579 1825 644 tradiderunt
1839 583 1866 644 si
1882 580 2070 647 Demosthe-

281 708 338 750 nes
360 687 428 771 ipse
451 684 612 764 edidisset,
635 685 696 748 hoc
717 687 842 771 saepius
864 685 1007 771 profecto
1030 687 1063 749 in
1084 687 1166 749 illius
1189 685 1385 751 orationibus
1408 696 1598 750 occurreret.

381 793 573 879 Absorptam
596 814 666 855 esse
695 794 845 879 temporis
868 802 1023 856 vetustate
1046 816 1142 857 unam
1163 795 1431 880 praepositionem
1454 795 1600 858 existimo
1622 793 1675 858 ΙΙΙ
1700 796 1781 860 147ε
1804 791 1873 859 αλλ’
1894 792 1925 860 εἰ
1945 793 1990 880 μῆ
2009 803 2074 860 ταῖν

280 892 436 985 Ἑλλήνων
450 894 588 963 ἐναντίον
602 888 878 984 α’ναρρηθήσεται,
893 903 975 964 τοῦτ’
989 893 1050 986 ἤδη
1064 895 1245 985 α’γανακιεῖ.
1266 900 1351 965 Nam
1367 924 1438 965 cum
1452 901 1548 989 paulo
1563 912 1637 965 ante
1651 901 1786 966 similem
1801 905 1989 968 sententiam
2004 928 2071 969 ora-

281 1017 331 1071 tor
345 1009 406 1070 isto
422 1009 519 1071 verbo
536 1003 736 1092 (ἀγανακτεῖ)
753 1008 951 1088 concluserit,
972 1031 1058 1071 nuuc
1073 1009 1210 1073 oratoria
1224 1009 1272 1072 vis
1287 1008 1399 1072 fortius
1414 1020 1449 1072 et
1461 1007 1625 1073 ardentius
1640 1009 1771 1073 verbum
1787 1011 1928 1096 requirit.
1965 1009 2072 1089 Quare

281 1115 425 1201 suspicor
440 1116 592 1200 scriptum
608 1114 779 1201 antiquitus
794 1115 893 1179 fuisse
908 1138 915 1178 :
937 1120 1032 1179 τοῦθ’
1047 1111 1311 1201 ύπεραγανακτεῑ,
1334 1139 1398 1202 quo
1413 1117 1511 1180 verbo
1527 1116 1703 1181 Aeschines
1717 1117 1734 1181 I
1749 1118 1791 1184 60
1805 1140 1880 1182 usus
1896 1129 1952 1183 est.
1987 1120 2073 1185 Nam

281 1220 466 1285 adverbium
490 1215 551 1306 ἤδη
572 1225 605 1285 in
627 1223 769 1308 pluribus
788 1224 875 1286 libris
899 1226 1059 1305 omissum,
1083 1226 1116 1289 in
1137 1228 1167 1289 A
1191 1223 1333 1289 additum
1356 1224 1432 1287 nihil
1454 1225 1540 1287 valet
1560 1224 1601 1287 ad
1621 1225 1802 1311 augendam
1825 1228 1975 1291 orationis
1996 1230 2072 1292 vim.

380 1328 644 1394 Molestissimum
665 1330 822 1394 emblema
843 1330 920 1393 mihi
941 1331 1004 1394 iam
1026 1329 1186 1396 detexisse
1208 1331 1321 1395 videor
1341 1331 1394 1396 ΠΙ
1418 1333 1478 1399 130
1500 1356 1507 1396 :
1531 1327 1734 1408 discidentes
1753 1329 1800 1396 α’ίν
1821 1335 1874 1400 καί
1897 1325 2074 1399 υίπολαύιυν

282 1434 347 1523 [καί
370 1428 650 1525 ἐμπιμπλάμενος]
684 1444 739 1522 τῆς
768 1437 943 1524 δεδομένης
972 1433 1025 1525 ὑφ’
1044 1435 1138 1519 ύμοίν
1159 1430 1248 1522 αύτῷ
1268 1438 1430 1520 ἐξουσίας.
1476 1440 1575 1519 Quasi
1597 1462 1674 1504 vero
1695 1431 1873 1506 α’πολαύειν
1894 1454 1926 1505 et
1946 1439 2073 1524 ἐμπίμ-

280 1543 433 1609 πλασθαι
463 1568 526 1608 non
555 1546 691 1608 eandem
718 1569 847 1631 prorsus
877 1549 941 1609 vim
974 1558 1006 1609 et
1033 1546 1298 1631 significationem
1320 1546 1482 1611 habereut.
1527 1546 1759 1612 Particularum
1781 1570 1857 1613 vero
1880 1549 1996 1614 καλ-
2016 1550 2074 1616 καί

280 1674 361 1738 quae
383 1653 511 1716 tandem
535 1653 645 1717 relatio
665 1655 715 1734 sit,
738 1653 885 1739 equidem
908 1665 1013 1718 mente
1036 1677 1099 1718 non
1121 1654 1288 1739 adsequor.
1325 1655 1375 1717 Ac
1391 1652 1652 1741 percommodum
1674 1665 1733 1737 est,
1755 1655 1842 1741 quod
1861 1655 1946 1720 idem
1967 1670 2073 1723 orator

280 1758 392 1825 eodem
414 1761 512 1824 verbo
534 1761 687 1825 translata
709 1761 939 1846 significatione
960 1763 1058 1825 utitur
1079 1760 1157 1828 156
1179 1786 1187 1825 :
1208 1763 1262 1826 καί
1284 1753 1339 1846 ἧκε
1361 1761 1460 1844 δεῦρο
1482 1753 1729 1849 (Ἡγήσανδρος)
1755 1758 1986 1840 ἀπολελαυκώς
1992 1814 2001 1846 ,
2029 1759 2074 1840 uic

280 1866 416 1951 λέγεται,
438 1869 494 1953 τῆς
513 1867 638 1933 ἐκείνου
659 1864 819 1953 εὐηθείας
839 1868 903 1932 κτλ.
964 1867 1045 1947 Quis
1066 1871 1163 1956 igitur
1185 1869 1343 1934 dubitabit
1364 1870 1463 1936 verba
1483 1871 1538 1936 illa
1559 1862 1615 1935 καί
1635 1858 1904 1953 ἐμπιμπλάμενος
1926 1873 2072 1936 extermi-

280 1975 386 2040 nare?
421 1973 470 2039 Of.
488 1977 582 2040 Dem.
601 1975 717 2039 XXIV
732 1979 796 2040 et:
818 1983 875 2061 τῆς
896 1972 1054 2061 εύηθείας
1072 1980 1131 2064 της
1153 1973 1313 2063 ύμετέρας
1331 1970 1522 2056 ύπολαύειν,
1541 1978 1628 2042 XIII
1645 1980 1706 2043 19:
1729 1972 1867 2063 ἐρημίας
1888 1969 2073 2044 οἷπολαύων.

379 2083 432 2147 III
448 2084 529 2148 127:
553 2079 611 2146 οόκ
632 2079 672 2168 ἐηῐ
692 2087 880 2167 μεμνῆσθαι
900 2086 963 2148 τῶν
984 2075 1097 2166 ὅρκων,
1120 2073 1186 2173 [σός
1207 2080 1296 2169 ἡμῶν
1317 2083 1349 2151 οἱ
1371 2078 1523 2170 πρόγονοι
1544 2077 1689 2175 α’ίμοσαν]
1712 2078 1790 2152 ούδὲ
1809 2092 1866 2172 τῆς
1888 2081 1974 2172 ἀρᾶς
1994 2083 2074 2152 ου’δέ

279 2191 335 2274 τῆς
354 2197 414 2255 τοῦ
435 2197 521 2254 θεοῦ
541 2189 705 2272 μαντείας.
748 2191 788 2254 In
809 2191 991 2255 melioribus
1013 2193 1098 2256 libris
1121 2192 1283 2257 inventum
1306 2204 1353 2258 est
1375 2217 1382 2257 ι
1404 2182 1463 2269 elic
1485 2189 1570 2278 ἡμῶν
1590 2188 1719 2275 ύίμοσαν
1738 2192 1771 2260 oi
1790 2186 1952 2279 πρόγονοι.
1988 2194 2074 2273 Quid

280 2297 403 2362 multa?
439 2297 602 2365 Orationis
616 2300 758 2363 brevitas
779 2322 816 2362 ac
839 2299 1039 2364 vehementia
1060 2321 1125 2363 non
1146 2299 1284 2364 admittit
1305 2302 1398 2364 istam
1420 2301 1572 2366 relativae
1595 2302 1819 2366 enuntiationis
1838 2302 2073 2389 loquacitatem.

280 2405 347 2471 Sed
370 2407 572 2492 quantumvis
586 2407 687 2470 multa
702 2429 741 2470 ex
756 2406 824 2469 istis
847 2407 1045 2471 orationibus
1060 2408 1248 2473 emblemata
1262 2408 1351 2472 furca
1365 2409 1534 2494 expuleris,
1557 2418 1664 2472 tamen
1678 2432 1780 2495 usque
1793 2433 1878 2474 nova
1892 2411 2074 2475 recurrenti

282 2512 435 2579 Similiter
456 2513 508 2577 ΙΙΙ
533 2516 591 2578 124
615 2538 622 2577 :
646 2513 738 2589 τέλος
765 2514 803 2580 δέ
825 2508 961 2600 [παντός
980 2521 1040 2579 τοῦ
1060 2509 1165 2605 λόγου]
1190 2514 1393 2602 ψηφίζονται
1413 2515 1586 2580 conflatum
1607 2525 1718 2581 estex
1739 2517 1942 2582 adnotatione
1963 2528 1995 2582 et
2015 2519 2076 2582 hac

280 2621 479 2708 simplicitate
502 2646 509 2685 :
531 2622 623 2696 τέλος
644 2621 681 2687 δέ
705 2623 917 2710 ψηφίζονται.
959 2622 1059 2687 Paulo
1082 2634 1182 2689 ante:
1210 2624 1300 2710 τῇδ’
1323 2619 1463 2708 ἐπιούσῃ
1485 2619 1590 2710 ἡμέρᾳ
1614 2614 1783 2709 Κόττυφος
1816 2619 1845 2711 [ὁ
1871 2619 1930 2700 τοὶς
1948 2616 2075 2710 γνώμας

280 2723 505 2817 ἐπιφηφίζων]
529 2729 697 2815 ἐκκλησίαν
711 2731 818 2797 ἐποίει
832 2732 898 2794 τῶν
917 2723 1160 2818 Ἀμφικτυόνων
1180 2731 1280 2795 verba
1301 2754 1348 2809 ea,
1371 2753 1452 2818 quae
1473 2732 1565 2795 uncis
1586 2732 1704 2812 notavi,
1727 2752 1767 2795 ex
1789 2732 1886 2813 §128
1908 2732 2076 2820 adsumpta

260 2818 351 2901 'esse
380 2849 522 2923 apparet.
581 2839 667 2904 Nam
695 2839 756 2903 hoc
785 2839 914 2925 quidem
943 2841 1012 2903 loco
1040 2841 1102 2904 ista
1130 2841 1285 2904 sententia
1305 2838 1445 2904 absurda
1465 2849 1523 2903 est.
1582 2838 1679 2902 Haud
1703 2838 1835 2904 difficilis
1857 2840 1932 2903 mibi
1955 2843 2076 2905 exstitit

281 2946 424 3029 quaestio
446 2945 498 3009 HI
523 2948 609 3010 116:
639 2937 807 3033 ἐξήγγελτο
837 2939 866 3010 δ’
887 2944 961 3032 ἡμῖν
991 2942 1082 3032 παριί
1111 2947 1179 3011 τοῖν
1203 2944 1407 3028 βουλομένων
1429 2941 1554 3011 εύνοιαν
1576 2945 1804 3012 ἐνδείκνυσθαι
1825 2953 1866 3033 τῇ
1886 2939 1996 3033 πόλει,
2025 2942 2075 3013 ότι

281 3048 314 3116 oi
331 3047 525 3136 Ἀμφισσεῖς
541 3050 822 3130 ύποπεπτωκότες
837 3047 908 3118 τότε
931 3046 998 3141 [καί
1012 3053 1129 3129 δεινοῖς
1143 3047 1393 3143 θεραπεύοντες]
1416 3049 1494 3130 τούς
1507 3053 1671 3138 Θηβαίους
1684 3050 1851 3140 εἰσέφερον
1873 3047 1978 3140 δόγμα
1992 3051 2077 3119 κατδ

280 3160 338 3242 τῆς
356 3155 517 3245 ἡμετέρας
537 3154 668 3237 πόλεως
686 3163 751 3226 κτλ.
789 3159 992 3227 Coniunctim
1012 3163 1108 3247 igitur
1130 3162 1233 3226 adhuc
1253 3163 1396 3227 feruntur
1420 3162 1481 3228 duo
1503 3163 1602 3228 verba
1625 3157 1899 3228 numentanam
1915 3172 1946 3227 et
1961 3162 2076 3237 δεινοῖς

281 3259 492 3350 θεραπεύειν,
515 3291 709 3355 quamquam
730 3272 901 3357 separatim
916 3271 1163 3357 unumquodque
1178 3292 1307 3356 prorsus
1329 3269 1467 3334 eandem
1488 3271 1649 3334 notionem
1671 3269 1820 3355 conplere
1841 3271 1918 3333 satis
1940 3280 2072 3335 constat.

281 3376 367 3441 Nam
390 3371 659 3441 ύποπεπτωκέναι
680 3377 840 3463 significat
861 3379 1012 3443 ιυδιυίεεε
1032 3377 1169 3442 adulari
1188 3377 1240 3442 vel
1255 3376 1408 3457 blandiri,
1430 3377 1542 3451 δεινῶς
1562 3374 1768 3461 θεραπεύειν
1787 3378 1903 3441 mirum
1923 3392 2075 3463 quantum

281 3482 418 3548 adulari
444 3484 495 3546 vel
524 3484 678 3549 blandiri.
730 3484 823 3550 Haec
849 3488 948 3573 igitur
974 3485 1073 3549 verba
1100 3485 1291 3548 coniunctim
1326 3483 1430 3548 efferri
1452 3506 1517 3547 uon
1539 3492 1688 3570 possunt,
1719 3485 1779 3547 nisi
1802 3478 2074 3550 irremuneratum

281 3592 408 3677 propria
436 3593 540 3677 potius
571 3592 602 3653 vi
634 3615 672 3655 ac
701 3602 814 3656 natura
843 3604 1029 3679 usurpatum
1058 3591 1245 3657 adhibeatur
1273 3614 1370 3676 quam
1398 3592 1511 3655 notitia
1538 3590 1698 3655 translata.
1764 3590 1868 3655 Nemo
1897 3594 1983 3655 enim
2012 3593 2074 3656 huc

281 3698 409 3762 vocabit
428 3710 482 3762 aut
506 3700 594 3762 162:
624 3693 677 3762 τόν
697 3695 906 3786 Ἀλέξανδρον
936 3695 1111 3783 ὑποτρέχει
1142 3699 1194 3764 καί
1226 3693 1404 3786 πλησιάζει
1432 3695 1543 3781 ἐκείνῳ
1575 3709 1628 3763 aut
1649 3699 1743 3762 Dem.
1765 3697 1888 3764 XXIII
1909 3700 1958 3764 8:
1991 3695 2075 3781 ὑμᾶς

282 3800 532 3890 δύπέρχεσθαι
555 3806 611 3872 καὶ
626 3797 836 3893 θεραπεύειν.
879 3805 1002 3885 Quodsi
1023 3810 1190 3872 universae
1213 3810 1388 3872 sententiae
1411 3807 1619 3871 conformatio
1641 3806 1813 3869 translatae
1834 3807 2074 3891 significationis

281 3914 438 3979 rationem
461 3914 608 3998 excludit,
632 3913 708 4001 quid
729 3915 859 3980 tandem
872 3917 1089 4003 relinquitur?
1121 3916 1208 3981 Nihil
1231 3914 1325 3980 credo
1347 3936 1444 4000 quam
1465 3923 1501 3977 ut
1520 3912 1707 3976 translatum
1729 3922 1762 3976 et
1783 3912 1918 3977 electum
1940 3914 2075 3978 verbum

283 4023 477 4111 explicatum
510 4046 580 4087 esse
610 4033 786 4088 statuamus
815 4046 912 4111 super
936 4025 1053 4088 lineam
1081 4025 1227 4111 adposita
1256 4024 1394 4087 dictione
1423 4020 1547 4104 vulgari
1577 4031 1608 4083 et
1637 4042 1696 4082 usu
1718 4018 1877 4083 cotidiano
1899 4021 2073 4085 tritissima.

283 4127 391 4209 Quare
422 4131 598 4197 eiciendum
623 4132 713 4196 simul
743 4132 795 4196 καί
819 4134 932 4208 δεινῶς
951 4125 1194 4218 θεραπεύοντες
1221 4142 1253 4196 et
1281 4129 1512 4195 restituendum
1534 4151 1642 4192 casum
1664 4127 1806 4192 dativum
1826 4132 1897 4204 τοῖς
1919 4127 2076 4214 Θηβαίοις

282 4238 428 4303 arbitror.
478 4239 563 4303 Nam
591 4241 716 4325 vulgari
743 4265 784 4306 ex
813 4241 1042 4306 consuetudine
1071 4243 1157 4305 vitae
1183 4239 1281 4304 verbo
1305 4236 1469 4302 adulandi
1487 4234 1609 4300 adiecto
1632 4258 1723 4300 casus
1753 4236 1856 4299 torma
1885 4235 2075 4301 substantivi

281 4346 418 4409 nominis
447 4347 580 4411 subiecti
608 4349 758 4413 inmutari
779 4349 895 4414 debuit.
949 4349 985 4415 Si
1008 4350 1182 4436 quidquam
1202 4346 1378 4411 Aeschines
1400 4342 1519 4409 addere
1540 4343 1652 4424 vellet,
1681 4345 1894 4407 concinnitate
1922 4345 2074 4408 orationis

281 4463 411 4518 servata
433 4454 538 4519 dicere
561 4455 672 4520 debuit
694 4445 1012 4543 despectatione,
1036 4456 1221 4521 adverbium
1242 4454 1409 4518 adsumere
1430 4474 1494 4515 non
1514 4452 1626 4538 potuit.

382 4562 532 4627 111109:
555 4561 585 4627 oi
600 4556 833 4645 Ἀμφικτυόνες
854 4563 1060 4650 ἐψηφίσαντο
1083 4612 1140 4629 ...
1162 4554 1412 4646 ἐπιστρατεύειν
1433 4555 1492 4625 ἐπί
1512 4551 1588 4633 τούς
1609 4556 1732 4642 ἐναγεῖς
1754 4553 1837 4622 κατοί
1853 4551 1909 4641 τῆν
1922 4556 2075 4637 μαντείαν

280 4675 337 4734 τοῦ
349 4672 449 4734 θεοῦ·
473 4670 525 4736 καί
549 4673 824 4754 συναθροίσαντες
845 4663 983 4750 δύναμιν
1004 4668 1125 4754 πολλήν
1147 4668 1219 4758 [τῶν
1231 4662 1484 4756 Ἀμφικτυόνων]
1507 4662 1821 4753 ἐξηνδραποδίσαντο
1841 4663 1918 4741 τούς
1933 4658 2075 4752 σίνθροί-

281 4798 372 4854 πους.
416 4778 504 4843 Nihil
534 4790 620 4843 certe
647 4780 870 4865 intemptatum
898 4780 1081 4864 relinquunt
1108 4778 1270 4857 homines,
1300 4776 1399 4839 multa
1425 4776 1520 4839 etiam
1549 4773 1668 4837 audent
1689 4772 1729 4836 ad
1751 4775 1938 4837 varietatem
1959 4786 1991 4838 et
2012 4775 2075 4839 ele·

283 4887 427 4970 gantiam
449 4887 611 4949 orationis.
653 4885 737 4949 Illud
759 4908 836 4950 vero
858 4886 1035 4950 inauditum
1059 4894 1107 4949 est
1128 4885 1180 4948 vel
1201 4885 1330 4948 infantis
1354 4882 1487 4947 oratoris
1509 4883 1695 4944 inventum:
1719 4881 1970 4968 Amphictyonas
1992 4881 2075 4945 bello

282 4992 411 5058 decreto
427 4994 700 5078 Amphictyonum
714 4991 863 5056 videlicet
883 5015 1034 5077 magnam
1055 5015 1185 5056 manum
1207 4991 1392 5077 collegisset
1427 4989 1513 5053 Nam
1534 4998 1589 5053 aut
1609 4991 1752 5071 ipsorum
1774 4989 1880 5074 copias
1903 5000 2076 5072 coegerunt

281 5101 326 5164 illi
348 5111 402 5164 aut
422 5102 526 5165 aliena
547 5111 702 5164 vocarunt
723 5101 849 5164 auxilia.
892 5100 965 5165 Hoc
987 5101 1116 5186 quidem
1144 5100 1170 5164 si
1191 5100 1358 5179 fecissent,
1386 5095 1625 5160 accommodata
1645 5095 1862 5159 auxiliantium
1884 5095 2074 5180 populorum

281 5210 540 5272 commemoratio
563 5206 740 5289 videretur,
773 5217 806 5271 at
828 5231 899 5271 cum
922 5230 995 5271 suos
1016 5210 1078 5294 ipsi
1099 5208 1213 5271 milites
1236 5205 1467 5271 contribuerint
1488 5202 1528 5267 ad
1549 5224 1616 5267 rem
1637 5201 1821 5288 gerendam,
1843 5201 1921 5288 quid
1942 5203 2074 5268 tandem
