4710 5910
1157 403 1198 466 24

1034 489 1332 504 -————-

288 600 319 670 εῑ
340 593 519 690 φανήσεται
540 597 641 679 αότός
662 598 740 688 ἀνὴρ
762 598 795 666 ἐν
814 603 854 688 τῇ
883 593 963 689 αὐτῇ
983 592 1097 678 πόλει,
1127 595 1221 682 τυχόν
1242 598 1280 666 δὲ
1299 600 1353 665 καὶ
1375 597 1408 666 ἐν
1427 600 1474 684 τῷ
1494 593 1584 685 αὐτῷ
1605 598 1740 684 ἐνιαυτῷ
1747 650 1756 682 ,
1786 591 1900 686 πρῴην
1920 595 1978 681 μέν
1998 620 2078 665 ποτε

286 700 557 798 α’ναγορευόμενος
583 700 630 775 ότι
663 712 883 797 στεφανοῦται
912 705 1028 796 α’ρετῆς
1055 705 1147 774 ἕνεκα
1170 745 1223 789 -,
1255 704 1273 773 ό
1301 707 1331 772 δ’
1352 701 1447 784 αὐτός
1478 698 1558 794 α’νὴρ
1583 703 1699 792 μικρόν
1726 704 1871 789 ἐπισχών
1903 701 2078 788 ἔξεισιν..

287 818 410 904 κλοπῆς
436 815 529 885 ἕνεκα
555 815 614 894 τὰς
642 809 788 894 εόθόνας
817 808 996 903 ιόφληκαός,
1029 816 1170 882 tollenda
1197 816 1274 881 haec
1302 816 1401 881 verba
1428 837 1567 880 censes:
1599 811 1692 897 τυχόν
1722 814 1759 880 δὲ
1789 815 1844 881 καλ
1865 810 1899 879 ἐν
1918 820 1966 900 τῷ
1988 810 2078 899 αότῴ

286 921 434 1011 ἐνιαυτῷ.
469 926 540 993 Νοε
560 936 667 991 tamen
681 925 742 990 hoc
756 926 899 1012 profecto
913 925 1081 990 ridiculum
1096 933 1165 988 est:
1188 925 1429 1010 magistratuum
1451 923 1580 1010 quidem
1600 925 1670 988 iura
1691 933 1723 989 et
1743 923 1873 988 rationis
1894 922 2077 988 reddendae

287 1036 422 1100 officium
462 1057 534 1099 raro
573 1056 637 1098 uno
674 1032 850 1121 eodemque
888 1056 972 1099 anno
1009 1033 1225 1116 habebantur,
1271 1030 1326 1095 sed
1366 1052 1496 1095 munere
1536 1041 1666 1116 peracto
1707 1032 1912 1115 magistratus
1955 1040 2077 1096 veteres

285 1142 423 1207 rationes
445 1140 578 1206 reddere
601 1141 806 1226 cogebantur.
843 1137 951 1218 Quare
971 1141 1062 1206 facile
1083 1139 1152 1204 ficri
1173 1140 1285 1227 potuit,
1307 1147 1343 1203 ut
1362 1138 1445 1202 intra
1465 1139 1557 1202 unius
1579 1138 1653 1202 anni
1675 1140 1813 1226 epatium
1834 1161 1919 1203 nunc
1940 1138 2076 1203 honorae

271 1248 403 1336 ‚publici
424 1250 680 1313 renuntiarentur
700 1271 785 1313 nunc
805 1247 962 1313 rationem
984 1247 1188 1334 exigentibus
1209 1249 1339 1311 nomina
1361 1246 1518 1311 darentur.
1562 1242 1658 1324 Quod
1679 1268 1750 1311 cum
1771 1268 1843 1310 raro
1866 1247 2016 1311 acciderit
2040 1283 2073 1296 -

285 1364 340 1422 aut
368 1355 450 1419 enim
483 1354 536 1418 illa
562 1353 700 1438 dignitas
729 1354 875 1419 absoluta
902 1356 1041 1420 muneris
1067 1356 1188 1419 ratione
1219 1353 1277 1418 sub
1306 1355 1426 1419 exitum
1454 1353 1529 1418 anni
1551 1355 1584 1417 in
1607 1355 1810 1439 magistratus
1833 1354 2075 1419 cumulabantur

285 1471 340 1528 aut
360 1463 386 1525 si
407 1461 509 1525 honos
530 1461 583 1525 ille
605 1470 679 1525 ante
700 1461 839 1526 muneris
861 1463 980 1527 exitum
1003 1461 1141 1546 daretur,
1164 1462 1261 1527 multo
1284 1460 1345 1526 hoc
1365 1470 1460 1526 antea
1480 1482 1575 1547 quam
1597 1462 1736 1524 rationes
1757 1460 1966 1525 redderentur
1980 1461 2077 1526 fiebat

284 1572 407 1657 inipso
428 1570 618 1654 magistratu
639 1606 695 1651 —,
727 1566 799 1632 ideo
830 1570 942 1632 merito
970 1591 1007 1632 ac
1036 1592 1093 1634 suo
1123 1571 1190 1633 iure
1212 1569 1391 1634 Aeschines
1412 1568 1473 1632 hoc
1496 1566 1717 1632 admirandum
1739 1567 1885 1632 fortunae
1906 1567 2076 1632 ludibrium

284 1677 397 1741 extulit
419 1699 490 1741 cum
513 1675 591 1740 dixit
613 1698 620 1738 :
642 1668 735 1755 τυχόν
756 1673 794 1739 δὲ
815 1676 869 1740 καλ
892 1673 926 1739 ἐν
947 1681 995 1761 τῷ
1016 1672 1108 1759 αὐτῷ
1127 1675 1272 1761 ἐνιαυτῷ.
1309 1676 1545 1741 Demosthenes
1568 1676 1665 1740 muris
1687 1674 1866 1740 reficiendis
1888 1676 2005 1740 clectus
2028 1685 2078 1741 est

284 1784 343 1849 sub
371 1783 467 1847 finem
490 1781 620 1870 Olymp.
646 1785 714 1864 110,
736 1783 764 1847 3.
815 1782 888 1847 Hoc
916 1806 1031 1848 munus
1061 1783 1210 1870 conplere
1238 1784 1355 1849 licebat
1382 1792 1456 1849 ante
1485 1784 1605 1848 exitum
1636 1781 1765 1869 Olymp.
1792 1783 1860 1867 110,
1881 1783 1910 1847 4.
1961 1781 2076 1869 quue

282 1892 352 1979 ipso
374 1913 458 1956 anno
480 1913 550 1956 cum
573 1887 727 1976 Ctesipho
749 1890 836 1955 illum
858 1913 976 1956 corona
996 1891 1144 1956 honorari
1164 1891 1274 1956 iubere
1296 1900 1364 1956 tum
1378 1890 1613 1957 Demosthenes
1635 1891 1792 1955 rationem
1813 1890 1931 1977 publici
1954 1891 2076 1976 negotii

282 1999 418 2065 reddere
432 2001 543 2087 potuit.
579 2001 629 2064 Ac
644 2000 702 2064 nisi
718 1999 893 2063 Aeschines
915 2001 1155 2081 intercessisset,
1171 1998 1422 2064 Demosthenem
1444 1999 1497 2063 illo
1518 2000 1588 2085 ipso
1610 2019 1694 2063 anno
1717 2007 1749 2063 et
1772 2019 1922 2063 coronam
1944 2007 2075 2062 nanctu-

283 2130 353 2172 rnm
375 2110 582 2172 strationem
603 2107 802 2173 redditurum
824 2107 921 2171 fuisse
942 2109 1011 2171 veri
1034 2106 1136 2171 simile
1158 2116 1214 2171 est.
1258 2104 1359 2185 Quod,
1374 2115 1479 2170 autem
1502 2105 1680 2171 Aeschines
1702 2097 1815 2191 πρηόην
1835 2106 1896 2185 μὲν
1912 2142 1945 2152 -
1962 2102 2077 2189 μικρόν

284 2214 313 2279 δ’
337 2208 482 2297 intexuit
510 2215 603 2296 dixit,
632 2214 746 2278 iccirco
777 2212 1023 2301 haudquaquam
1050 2215 1148 2279 breve
1178 2213 1300 2279 dierum
1323 2223 1377 2277 aut
1397 2235 1542 2278 mensum
1562 2213 1762 2278 intervallum
1783 2222 1891 2278 mente
1913 2214 2076 2277 informari

283 2322 392 2387 voluit.
435 2322 521 2387 Nam
541 2321 759 2387 huiuscemodi
780 2321 952 2409 superlatio
973 2323 1006 2384 in
1029 2321 1163 2386 dicendo
1185 2322 1332 2387 facillime
1354 2320 1479 2388 excidit.
1517 2320 1602 2400 Quid
1619 2322 1704 2409 quod
1720 2322 1818 2387 multo
1841 2321 1916 2386 illud
1940 2323 2073 2409 spatium

284 2431 475 2495 contractius
496 2430 636 2494 futurum
659 2437 735 2513 erat,
758 2429 784 2492 si
805 2451 869 2493 uno
892 2451 975 2495 anno
998 2439 1031 2494 et
1051 2430 1241 2496 renuntiatio
1262 2430 1392 2494 honoris
1414 2438 1446 2494 et
1465 2431 1604 2495 muneris
1619 2430 1763 2516 probatio
1781 2428 1898 2495 fieret?
1932 2428 2076 2494 Pertinet

283 2538 345 2602 huc
374 2539 471 2602 etiam
493 2535 712 2601 Androtionea
740 2559 836 2600 causa
856 2537 1095 2602 Demosthenis.
1139 2539 1183 2601 At
1204 2548 1313 2602 contra
1333 2537 1481 2625 palmaris
1503 2537 1579 2600 mihi
1601 2537 1734 2601 habetur
1755 2535 1957 2622 emendatio,
1988 2536 2074 2624 quod

283 2643 334 2709 ΙΠ
358 2647 393 2709 11
419 2668 426 2708 :
455 2636 578 2710 τούτων
602 2636 666 2730 γόρ
701 2641 806 2732 [τινες]
838 2645 904 2707 τῶν
929 2641 1007 2720 τούς
1033 2638 1241 2722 ὑπευθύνους
1270 2636 1511 2730 στεφανούντων
1540 2641 1572 2710 οἱ
1599 2643 1658 2725 μὲν
1685 2636 1786 2732 φύσει
1807 2645 1934 2732 μέτριοι
1958 2639 2073 2733 [εἰσιν],

283 2747 314 2816 εἰ
335 2746 377 2837 δή
404 2774 455 2827 τις
473 2749 607 2838 μέτριος
635 2755 701 2815 ταῖν
727 2748 768 2815 τό
797 2741 973 2838 παράνομα
995 2745 1193 2839 γραφόντων,
1222 2749 1291 2818 ἄλλ’
1312 2746 1369 2818 οὖν
1388 2748 1630 2840 προβόλλοπαὶ
1649 2752 1686 2837 γέ
1705 2776 1737 2818 τι
1759 2746 1825 2836 πρό
1844 2759 1901 2838 τῆς
1922 2744 2075 2838 αἰσχύνης

282 2858 348 2924 κτλ.
378 2882 418 2924 ex
444 2860 505 2924 ista
533 2860 676 2924 oratione
705 2859 856 2924 dissoluta
882 2859 1038 2924 vocabulo
1059 2859 1185 2947 μέτριοι
1216 2884 1288 2926 cum
1314 2862 1413 2927 verbo
1441 2855 1684 2948 προβάλλονται
1714 2862 1882 2925 coniuncto
1902 2858 2074 2924 rotundum

281 2968 373 3032 unius
396 2967 574 3033 sententiae
596 2967 750 3032 ambitum
772 2968 962 3032 conclusisti.
999 2967 1083 3032 Nam
1105 2971 1221 3034 veteris
1242 2970 1417 3056 scripturae
1439 2966 1635 3034 consuetudo
1655 2968 1717 3032 hoc
1737 2966 1905 3032 ridiculum
1927 2967 2076 3032 effecerat

280 3075 450 3142 Aeschinis
471 3074 652 3141 iudicium:
682 3099 787 3140 sorum
815 3077 873 3162 qui
898 3077 978 3165 depes
1010 3077 1199 3142 violaverint
1219 3078 1389 3143 nonnullos
1408 3077 1562 3142 modestos
1582 3077 1656 3142 illos
1678 3076 1804 3162 quidem
1822 3099 1886 3141 esee
1906 3089 2025 3140 acturo
2046 3088 2074 3140 et

279 3185 418 3250 merrhae
425 3234 434 3266 ,
464 3198 498 3249 ot
525 3183 682 3271 pudorem
710 3197 815 3249 tamea
844 3185 952 3271 ola‘qao
979 3184 1117 3272 artificio
1144 3185 1308 3251 occultare.
1358 3183 1485 3263 Quanto
1512 3185 1623 3249 melius
1644 3184 1749 3248 illud:
1776 3185 1898 3249 Eorum
1919 3184 1977 3269 qai
1994 3183 2074 3272 lepos

279 3284 438 3358 oablaturr'
454 3293 528 3373 siat,
549 3315 599 3357 eos
620 3293 680 3378 φατ’
697 3291 846 3358 naturali
863 3292 1005 3378 quodam
1024 3291 1178 3358 modestia
1200 3306 1340 3373 utantur,
1354 3292 1513 3381 pudorem
1534 3293 1644 3358 saltem
1665 3307 1733 3358 orte
1753 3292 1894 3378 quodam
1908 3292 2074 3357 occultare.

381 3423 505 3489 1112:
529 3421 687 3501 Quoniam
712 3424 763 3488 Tu
785 3446 888 3511 nuper
909 3426 1024 3489 iterum
1046 3414 1226 3510 ἐβουλόμην
1247 3416 1285 3490 όν
1315 3425 1508 3513 proposuisti
1530 3447 1588 3511 pro
1611 3425 1663 3490 illo
1685 3425 1769 3511 quod
1791 3425 1943 3489 librorum
1965 3427 2074 3489 nititur

280 3534 468 3598 auctoritate
495 3523 671 3617 ἐβουλόμην
699 3530 758 3612 μὲν
785 3525 857 3610 οὖν,
885 3533 971 3599 haud
1002 3535 1140 3599 alienum
1169 3535 1247 3599 mihi
1276 3534 1401 3598 videtur
1421 3533 1503 3597 hanc
1525 3556 1592 3598 rcm
1614 3535 1789 3598 accuratius
1809 3535 1978 3620 inquirere.
2021 3535 2071 3598 Ac

278 3643 415 3727 primum
438 3639 566 3726 quidem
589 3641 737 3727 exempla
759 3641 928 3729 proferam,
950 3643 982 3705 iu
1004 3642 1119 3728 quibus
1141 3643 1227 3707 nulla
1249 3652 1297 3706 est
1318 3642 1491 3729 particulae
1513 3633 1550 3705 όὶν
1572 3640 1717 3725 adiectio,
1741 3640 1894 3728 deinceps
1916 3664 1954 3706 aa
1975 3663 2072 3729 appo·

280 3771 355 3812 nem
377 3749 409 3810 in
432 3747 547 3832 quibus
570 3749 729 3811 sententia
751 3748 901 3812 efferatur
922 3749 1077 3836 particula
1099 3751 1159 3815 ista
1180 3749 1328 3814 adiuncta
1350 3771 1357 3812 :

381 3878 397 3943 I
423 3882 452 3959 l)
473 3880 639 3967 Antiphon
661 3880 691 3943 V
716 3885 730 3944 1
756 3904 763 3944 :
786 3874 964 3969 ἐβουλόμην
985 3881 1059 3965 μὲν,
1088 3874 1269 3969 ολόνόρες,
1301 3881 1358 3969 τήν
1390 3873 1525 3961 δύναμιν
1555 3888 1614 3945 τοῦ
1634 3873 1807 3964 λέγεινκαὶ
1826 3876 1882 3967 τήν
1902 3880 2074 3967 ἐμπειρίαν

280 3986 345 4051 ταῖν
360 3977 555 4071 πραγμάτων
577 3982 613 4067 ἐξ
635 3985 712 4051 loon
731 4010 788 4069 μοι
810 3982 1011 4055 καθεστάναι
1032 3996 1073 4076 τῇ
1092 4013 1128 4055 τε
1146 3997 1299 4076 συμφορᾷ
1320 3991 1373 4054 καὶ
1395 3993 1465 4065 τοῖς
1485 3993 1595 4064 κακοῖς
1615 3992 1684 4064 τοῖς
1703 3989 1938 4074 γεγενημένοις·
1959 3991 2015 4053 νῦν
2038 3987 2074 4054 dd

281 4100 342 4159 τοῦ
362 4092 422 4172 μὲν
443 4092 648 4181 πεπείραμαι
671 4096 760 4184 πέρα
774 4099 834 4163 τοῦ
856 4092 1081 4185 προσήκοντος,
1102 4100 1160 4163 τοῦ
1180 4089 1333 4187 &ivdaeis
1354 4094 1422 4179 εἰμι
1436 4096 1562 4180 μᾶλλον
1580 4096 1638 4161 τοῦ
1658 4096 1886 4183 συμφέροντος.
1922 4097 1955 4180 2)
1972 4095 2074 4160 Thra-

282 4224 361 4287 sym.
384 4225 435 4288 ap.
458 4201 553 4266 Dion.
570 4203 663 4267 Dem.
686 4228 717 4291 p.
732 4206 803 4283 959,
828 4206 868 4270 14
891 4205 975 4291 (K):
998 4198 1177 4292 ἐβουλόμην
1196 4208 1270 4288 μὲν,
1298 4198 1324 4271 ὦ
1343 4202 1523 4291 Ἀθηναῖοι,
1544 4208 1717 4285 μετασχεῖν
1738 4199 1860 4267 ἐκείνου
1880 4208 1939 4266 τοῦ
1959 4194 2075 4288 χρόνον

281 4314 339 4374 τοῦ
359 4307 506 4375 παλαιοῦ
524 4311 579 4376 καὶ
599 4316 664 4376 τοῖν
685 4304 881 4399 πραγμάτων
901 4313 968 4380 κτλ.
1020 4316 1054 4400 3)
1077 4314 1152 4402 Lys.
1175 4313 1297 4379 XXXI
1322 4318 1368 4379 1:
1399 4307 1489 4400 ᾤμην
1508 4313 1581 4397 μὲν,
1610 4305 1636 4375 α’
1654 4301 1769 4393 βουλή,
1799 4302 1855 4374 οόκ
1875 4305 1914 4374 όν
1934 4311 2005 4374 ποτ’
2027 4307 2075 4386 εἰς

283 4640 450 4714 δικαστηρίω
474 4637 502 4688 in
525 4639 666 4705 nehatypo
692 4641 757 4690 libro
782 4655 859 4705 supra
882 4656 986 4691 vamum
1012 4641 1126 4693 additum
1151 4645 1243 4693 fuerat
1279 4644 1435 4693 curantem
1454 4641 1481 4691 ia
1498 4641 1539 4692 his
1557 4641 1689 4692 codicibus
1707 4634 1772 4701 ι’ωιό,
1792 4640 1818 4689 in
1837 4639 1888 4689 illis
1906 4647 1932 4694 tu
1951 4637 2074 4703 scriptum

282 4725 389 4776 exstat?
429 4723 555 4775 Nimirum
578 4726 606 4775 in
623 4725 772 4793 Archetypo
801 4732 876 4777 vetus
901 4727 993 4778 vitium
1017 4728 1145 4794 integrum
1170 4734 1300 4779 servatum
1325 4722 1494 4803 διιφόγγανον
1519 4720 1573 4783 ried
1595 4726 1649 4782 τόν
1673 4727 1844 4801 δικαστηρίων
1869 4725 1900 4776 υἱ)
1925 4725 2072 4776 doctissImo

282 4811 383 4862 scilicet
400 4811 575 4877 grammatico,
595 4814 640 4877 qui
657 4811 781 4863 librorum
799 4813 820 4862 B
838 4819 928 4864 auctor
946 4820 993 4875 est,
1013 4829 1072 4864 cum
1091 4809 1271 4888 διαφυγγάνιω
1289 4821 1315 4865 et
1333 4807 1387 4869 dal
1404 4829 1492 4880 pamm
1512 4828 1653 4880 congruere
1672 4813 1833 4875 riderentur,
1852 4812 2017 4862 emendatum
2035 4817 2075 4862 est

283 4913 342 4948 cum
361 4899 503 4964 corrigeret
520 4905 546 4952 ικ
563 4897 616 4953 τόν
633 4899 683 4953 δικ.
714 4899 794 4950 Vetus
813 4906 900 4950 eutem
918 4899 983 4950 illud
1000 4898 1092 4950 vitium
1111 4906 1200 4950 netum
1220 4905 1260 4951 est
1277 4917 1311 4951 ex
1329 4899 1538 4966 frequentissima
1555 4900 1712 4966 syllabarum
1726 4903 1775 4955 All
1787 4905 1814 4949 et
1826 4903 1864 4954 ΔΙ
1879 4897 2074 4963 permutatione.

283 4982 386 5034 Etenim
405 4983 548 5034 Aeschines
566 4983 681 5034 iudiciali
700 5000 763 5034 usus
788 4987 872 5037 suerat
889 5001 961 5036 voce.
1004 4985 1135 5035 Iudicielie
1153 4992 1239 5036 eutem
1257 5003 1309 5037 vox
1329 4993 1368 5037 est
1385 4981 1542 5063 ἀποφυγεῖν,
1566 5002 1617 5037 non
1635 4987 1771 5060 διαφυγεῖν
1791 4984 1834 5049 (cf.
1853 4985 1935 5034 Thuc.
1954 4983 2004 5032 v11
2022 4981 2075 5048 44).

283 5070 352 5136 Ergo
370 5069 471 5120 dixerut
488 5063 675 5145 ἆαιφόγγανον,
693 5076 723 5120 ut
739 5071 815 5120 Dem·
834 5071 924 5121 XXIII
943 5075 994 5120 74:
1013 5064 1171 5150 ληιζόμενοι
1190 5065 1212 5125 δ
1233 5064 1275 5126 o'rr
1294 5081 1392 5150 μητέρα
1410 5068 1521 5147 ’θριστης
1538 5066 1684 5140 αἀικτουός
1703 5064 1836 5149 όμολογόν
1854 5067 1926 5125 βιόν
1944 5065 2076 5123 draconis

283 5151 373 5230 τυχόν
392 5149 581 5230 όαοφυγγόνιι,
606 5154 767 5221 grammatici
785 5161 871 5206 autem
889 5171 934 5220 pro
952 5171 999 5206 sue
1016 5158 1215 5219 consuetudine,
1234 5163 1263 5208 ut
1282 5159 1455 5210 obscuriorem
1474 5173 1565 5209 vocem
1583 5157 1754 5223 explicarent,
1780 5156 1812 5207 de
1831 5171 1877 5206 suo
1896 5154 2074 5205 addiderunt:

283 5241 339 5292 scil.
357 5235 411 5296 ἀπό
429 5241 482 5297 τῶν
501 5242 677 5316 δικαστηρίω.
