4710 5910
1100 400 1131 458 ll

224 590 310 654 illam
344 589 489 655 dictionis
522 589 729 678 diligentiam.
785 587 936 655 Ceterum
968 592 1063 679 paulo
1094 604 1167 680 post
1199 595 1295 658 satius
1330 593 1455 658 videtur
1483 616 1523 658 ex
1552 595 1679 680 optimis
1712 593 1799 657 libris
1828 614 2015 680 reponere:

224 693 312 783 ὑπὲρ
333 694 411 786 [τῆς]
442 692 567 784 εἰρήνης
590 692 685 777 μόνον
711 692 797 778 ὑμᾶς
821 694 1080 781 βουλεύσασθαι,
1109 700 1323 787 Δημοσθένης
1352 700 1390 765 δὲ
1417 701 1470 766 καί
1493 701 1571 786 περί
1595 699 1783 782 συμμαχίας
1803 689 1944 781 κελεύει,
1975 701 2014 766 cf.

225 805 369 870 codicum
390 808 558 870 varietates
580 808 601 887 ξ
623 807 671 871 76.

324 912 359 977 Π
381 913 422 978 75
443 911 574 998 Optime
596 911 740 976 delevisti
760 905 908 994 κελεύων,
930 916 1018 978 cuius
1040 916 1239 1003 corruptelae
1261 916 1351 1001 origo
1381 915 1524 1001 arguitur
1546 919 1566 996 ξ
1588 917 1645 995 te,
1676 915 1730 978 ubi
1752 938 1810 1001 pro
1830 903 1867 1001 ἣν
1888 918 1918 979 ἰο
1943 939 2016 981 con·

223 1020 366 1108 pluribus
389 1019 476 1084 libris
497 1017 599 1104 λίγων
620 1008 655 1103 ἦν
675 1021 826 1107 scriptum
849 1032 907 1084 est.
952 1019 1103 1088 Similiter
1131 1024 1148 1088 I
1179 1026 1218 1090 41
1251 1045 1310 1109 pro
1340 1018 1423 1103 ἔχων
1455 1024 1487 1086 in
1520 1025 1550 1086 A
1579 1022 1694 1106 legitur
1724 1023 1754 1085 in
1788 1025 1899 1087 ceteris
1928 1024 2016 1088 libris

225 1121 312 1209 ἔχειν
331 1115 469 1208 εἰωθώς,
504 1127 585 1192 Ι4ὑ
602 1149 663 1215 pro
684 1123 752 1192 οὐδ’
773 1119 855 1192 δι’λλο
876 1123 971 1194 οῦδὲν
990 1132 1023 1193 in
1045 1131 1136 1195 codd.
1159 1128 1387 1196 conmendatur
1409 1124 1479 1194 οὐδ’
1499 1121 1580 1193 ἄλλο
1608 1128 1756 1215 γέγραφα
1787 1125 1889 1212 οὐδὲν,
1920 1131 2015 1217 paulo

224 1245 299 1322 post
319 1258 376 1321 pro
397 1230 552 1300 α’κίνδυνα
585 1235 623 1300 δὲ
650 1241 699 1319 τῷ
727 1242 945 1320 μαρτυροῦντι
975 1232 1030 1302 καί
1057 1233 1104 1323 μη
1131 1228 1252 1320 αἰσχραΙ
1288 1237 1404 1321 legitur
1432 1236 1465 1299 in
1495 1236 1553 1300 B:
1580 1236 1636 1301 καὶ
1664 1233 1711 1322 μη
1729 1238 1777 1321 aqi
1795 1244 2014 1322 μαρτυροῦντι

225 1331 358 1425 αἰσχρά,
379 1342 398 1407 Ι
419 1343 460 1407 53
481 1365 540 1430 pro
562 1338 729 1427 ἑορακέναι
752 1342 869 1428 legitur
888 1345 920 1406 in
941 1343 1006 1410 ΒΜ
1027 1367 1036 1408 ι
1057 1340 1235 1429 ἑωρακέναι
1257 1333 1278 1408 bi
1299 1342 1398 1426 λέγω;
1422 1344 1523 1408 simile
1544 1345 1654 1408 vitium
1676 1343 1729 1408 III
1753 1347 1792 1410 15
1813 1347 1874 1409 iam
1896 1344 2015 1410 dudum

226 1450 400 1531 sustulisti,
441 1472 527 1513 nunc
566 1451 722 1537 permulta
760 1449 940 1515 huiusmodi
972 1451 1187 1516 additamenta
1212 1451 1245 1515 in
1273 1454 1378 1538 priore
1409 1462 1500 1537 parte
1529 1449 1736 1515 Timarcheae
1767 1474 1787 1517 a
1816 1452 1864 1517 Te
1892 1453 2016 1518 sublata

227 1577 299 1622 esse
320 1558 431 1622 laetor.

325 1663 360 1728 II
381 1664 444 1728 te:
465 1663 521 1729 καί
541 1657 598 1748 τὴν
609 1663 799 1730 τελευταίαν
817 1661 976 1746 α’βουλίαν
996 1657 1049 1729 ὅθ’
1069 1660 1233 1751 ἡττημένοι
1255 1666 1303 1750 uqi
1324 1665 1467 1750 πολέμῳ,
1486 1663 1758 1750 προκαλουμένων
1780 1658 1897 1744 αὐτοῦς
1911 1674 2015 1732 Λακε-

226 1770 401 1853 δαιμονίων
420 1765 547 1860 εἰρήνην
567 1767 664 1857 δίγειν.
707 1772 897 1837 Eiciendum
917 1773 960 1836 ibi
983 1794 1093 1836 censes
1115 1765 1243 1855 αὐτούς,
1263 1776 1373 1838 vitium
1394 1796 1473 1838 sane
1494 1797 1554 1838 usu
1574 1773 1744 1838 admodum
1768 1777 1883 1838 tritum.
1928 1773 2015 1855 Quid

225 1892 340 1962 autem,
362 1883 389 1945 si
419 1885 543 1968 legatur
570 1905 578 1946 :
606 1877 873 1968 προκαλουμένων
901 1875 1006 1945 assur
1037 1886 1100 1945 τῶν
1120 1879 1401 1963 Λακεδαιμονίων,
1433 1891 1490 1946 aut
1517 1882 1628 1946 saltem
1656 1880 1924 1966 προκαλουμένων
1952 1887 2017 1947 τῶν

225 1986 521 2070 Λακεδαιμονίωνθ

325 2097 361 2163 ss
382 2098 402 2162 8
425 2121 432 2161 :
456 2094 656 2162 διατετίλεκέ
676 2100 704 2180 7‘
726 2093 776 2171 εἰς
796 2090 881 2181 ἡμᾶς
900 2091 1045 2180 ὑβρίζων
1064 2093 1117 2160 καί
1141 2093 1308 2180 λοιδορίας
1328 2097 1464 2182 ψευδεῖς
1484 2088 1541 2160 οὐκ
1561 2091 1631 2175 ἐμοὶ
1653 2089 1747 2175 μόνω
1775 2089 2018 2182 λοιδορούμενος

225 2200 313 2272 due?
332 2204 480 2279 καὶτοῖς
502 2197 622 2281 ἄλλοις.
666 2202 739 2284 Quo
761 2203 831 2268 loco
853 2205 960 2267 nesuo
982 2226 1024 2268 an
1044 2224 1157 2289 parum
1180 2203 1313 2268 feliciter
1334 2226 1374 2268 ex
1395 2205 1481 2268 libris
1496 2203 1685 2291 quibusdam
1701 2203 1908 2269 deterioribus
1930 2226 2015 2269 rece·

224 2315 329 2401 pisti:
360 2305 446 2376 σίλλδ
466 2311 520 2375 καί
542 2316 611 2387 τοῖς
638 2309 740 2391 ἐμοῖς.
791 2308 874 2373 Nam
905 2309 1117 2374 contumeliae
1148 2309 1220 2375 illae
1256 2309 1384 2397 quidem
1416 2322 1593 2375 ceterorum
1625 2312 1801 2395 legatorum
1831 2334 1888 2400 per
1916 2324 2015 2377 totam

225 2419 453 2484 Demosthenis
475 2420 649 2482 orationem
671 2416 832 2503 dispersae
854 2418 1065 2504 reperiuntur,
1080 2440 1143 2480 nou
1159 2421 1233 2481 item
1249 2421 1499 2505 propinquorum
1512 2429 1545 2482 et
1560 2421 1868 2504 consanguineorum
1884 2420 2014 2485 Aeschi-

225 2529 285 2594 nis.
330 2529 438 2613 Atque
460 2546 532 2590 cum
554 2524 592 2590 δί
612 2525 663 2589 vel
684 2521 750 2610 γδρ
771 2525 958 2610 particulam
979 2525 1202 2590 inmutaverim
1224 2528 1255 2589 in
1276 2524 1313 2609 y',
1346 2526 1422 2590 nihil
1444 2525 1539 2590 credo
1562 2528 1624 2591 iam
1645 2549 1758 2591 causae
1781 2539 1839 2611 est,
1871 2532 2016 2605 στατοῖς

225 2629 336 2710 ἄλλοις
356 2634 472 2698 falsum
494 2655 565 2697 esse
585 2643 743 2720 putemus.
786 2631 888 2696 Immo
912 2654 992 2718 quae
1013 2632 1173 2697 antecedit
1202 2633 1242 2698 de
1274 2632 1501 2697 Demosthenis
1532 2634 1634 2718 gloria
1662 2645 1902 2721 ceterorumque
1929 2637 2016 2721 lega-

224 2750 329 2805 torum
355 2740 589 2826 contemptione
618 2741 774 2804 sententia
800 2749 863 2802 tam
886 2740 992 2824 gravis
1015 2751 1079 2804 tam
1101 2740 1217 2804 acerba
1237 2751 1294 2822 est,
1317 2751 1352 2804 ut
1372 2743 1486 2805 mirum
1507 2752 1601 2820 esset,
1624 2742 1682 2804 nisi
1706 2751 1814 2806 tautae
1835 2742 2016 2807 acerbitatis

225 2869 321 2914 eausa
340 2849 391 2913 vel
414 2847 595 2933 exemplum
618 2846 900 2911 demonstrativum
921 2847 1127 2913 subiceretur.
1908 2858 1911 2863 “

325 2954 360 3020 11
383 2955 422 3021 12
443 2977 451 3019 ι
473 2950 590 3041 ἐπειδη
611 2954 640 3019 δ’
660 2952 829 3039 ἐπανῆλθε
850 2958 909 3036 (sc
931 2953 1100 3042 Phrynon)
1122 2954 1319 3040 λυτρωθείς,
1340 2955 1448 3021 ἐδεῖτο
1476 2952 1564 3036 ὑμῶν
1588 2952 1789 3041 πρεσβευτήν
1816 2952 1906 3042 αὐτῷ
1933 2950 2018 3043 aspie

227 3061 396 3130 Φίλιππον
415 3059 554 3128 ἑλέσθαι
575 3061 640 3128 κτλ.
661 3099 702 3110 -
729 3059 976 3139 πεισθέντεςδ
1002 3058 1095 3144 ὑμεῖς
1114 3063 1328 3150 προσείλεσθ
1349 3060 1440 3148 αὐτῷ
1465 3069 1686 3150 Κτησιφῶντα
1712 3059 1919 3151 πρεσβευτήν.
1963 3064 2015 3130 Tu

227 3194 299 3236 cum
321 3171 454 3235 vidisses
474 3169 651 3235 admirabili
674 3170 831 3235 editorum
853 3169 1066 3237 inconstantia
1086 3193 1150 3237 uuo
1172 3172 1240 3235 loco
1262 3193 1360 3235 uuum
1381 3172 1522 3257 legatum
1536 3173 1667 3236 missum
1684 3193 1755 3236 esse
1769 3171 1868 3236 altero
1882 3182 2014 3260 repente

224 3281 294 3345 loco
316 3279 396 3344 duos
417 3281 543 3367 legatos
558 3281 725 3360 exstitisse,
737 3279 895 3367 syllabam
915 3278 1072 3344 excidisse
1093 3290 1178 3343 ratus
1194 3279 1353 3364 corrigere
1368 3279 1492 3343 voluisti
1506 3301 1514 3342 ι
1528 3274 1766 3362 προσελέσθαι.
1810 3283 1855 3344 At
1870 3279 2015 3344 codicum

225 3389 441 3453 testimonium
464 3409 534 3450 cum
556 3389 679 3451 ratione
699 3409 825 3451 mecum
847 3407 982 3472 sequere
1004 3409 1011 3449 :
1039 3387 1101 3449 iam
1123 3384 1199 3472 quid
1220 3385 1355 3450 voluerit
1376 3386 1552 3451 Aeschines
1581 3384 1688 3451 dicere
1709 3387 1857 3452 facillime
1888 3390 2014 3452 senties.

224 3495 345 3560 Deleta
366 3495 450 3558 enim
471 3494 707 3581 praepositione
728 3493 930 3559 scribendum
953 3504 1001 3558 est
1021 3493 1122 3559 altero
1143 3493 1237 3557 loco:
1259 3493 1453 3570 πεισθέντες
1473 3492 1503 3557 δ’
1519 3490 1609 3573 ὑμεῖς
1625 3490 1749 3559 εἵλεσθ’
1763 3490 1863 3578 αὐτῷ,
1882 3493 1914 3558 id
1929 3494 2015 3581 quod

224 3604 258 3667 in
280 3602 463 3666 melioribus
485 3599 644 3665 codicibus
667 3601 726 3685 (A)
749 3603 902 3688 scriptum
923 3611 1033 3666 exstat.
1076 3601 1184 3687 Atque
1207 3623 1303 3664 unum
1325 3600 1577 3687 Ctesiphontem,
1600 3624 1663 3664 non
1686 3600 1793 3687 plures
1814 3602 1949 3689 legatos,
1972 3600 2013 3666 ad

225 3708 410 3796 Philippum
432 3711 565 3772 missum
586 3729 657 3772 esso
679 3731 743 3772 uon
763 3709 859 3773 modo
882 3730 920 3773 ex
943 3711 964 3790 ξ
988 3711 1026 3773 lb
1047 3717 1204 3795 apparet:
1225 3707 1281 3773 καί
1302 3707 1470 3786 πέμπουσι
1491 3706 1694 3794 πρεσβευτὴν
1706 3700 1939 3796 Ἀριστόδημον
1959 3704 2016 3774 cdv

223 3809 401 3903 ῦποκριτὴν
414 3810 499 3900 πρός
513 3813 688 3897 Φίλιππον,
712 3815 883 3880 sedetiam
905 3839 1014 3905 parum
1034 3825 1279 3881 consentaneum
1294 3827 1352 3899 cst,
1375 3816 1580 3902 Phrynonem
1600 3840 1669 3882 rem
1690 3840 1778 3883 suam
1799 3840 1837 3882 ac
1858 3818 2014 3905 privatam

223 3935 389 4007 gesturum
412 3923 504 3986 simul
525 3923 682 4009 publicam
705 3925 845 4010 potuisse
867 3925 1086 3988 auctoritatem
1107 3926 1199 3989 tueri.
1241 3924 1343 3988 Immo
1365 3927 1508 4011 privatus
1536 3925 1631 3990 homo
1662 3949 1753 3991 suum
1784 3930 1949 4013 negotium
1970 3929 2015 3991 ita
2111 3975 2117 3987 .

223 4031 310 4119 apud
329 4031 514 4117 Philippum
536 4029 724 4094 defensurus
746 4043 822 4113 erat,
845 4042 879 4095 ut
900 4031 1028 4118 publica
1050 4032 1142 4095 simul
1157 4033 1343 4096 auctoritate
1360 4032 1574 4114 adiuvaretur,
1596 4035 1671 4120 quia
1691 4034 1791 4122 ipsius
1813 4058 1907 4099 causa
1923 4034 2015 4098 simul

223 4140 264 4204 ad
282 4138 513 4225 rempublicam
534 4139 695 4224 pertinere
715 4137 891 4202 videbatur.
934 4138 1017 4204 Nam
1039 4163 1060 4205 a
1080 4140 1191 4226 piratis
1214 4149 1325 4227 captus
1347 4137 1381 4204 ἐν
1400 4144 1474 4216 ταῖς
1495 4141 1651 4217 σπονδαῖς
1672 4165 1737 4206 nou
1759 4141 1912 4206 debuerat
1941 4141 2013 4226 cogi

224 4270 313 4311 suam
335 4247 395 4313 sibi
413 4246 593 4310 libertatem
615 4244 782 4310 redimere.
825 4245 956 4310 Poterat
975 4249 1072 4312 etiam
1094 4247 1239 4334 publicus
1254 4249 1377 4334 legatus
1397 4248 1556 4335 publicam
1580 4250 1662 4313 hanc
1677 4270 1804 4314 causam
1826 4249 1916 4331 tueri,
1939 4271 2012 4314 cum

223 4354 406 4441 Phrynonis
426 4354 608 4443 praesentia
629 4352 669 4417 ad
690 4355 938 4417 controversiam
960 4353 1166 4420 dirimendam
1189 4364 1339 4419 uteretur.
1393 4352 1459 4420 Sed
1487 4365 1557 4419 utut
1582 4367 1644 4436 est,
1677 4378 1741 4421 non
1775 4355 1924 4442 Phryno‚
1956 4355 2014 4420 sed

223 4484 306 4529 unus
327 4460 479 4548 Ctesipho
503 4463 693 4546 legationem
715 4459 756 4524 ad
777 4461 959 4547 Philippum
980 4461 1085 4525 subiit

322 4569 416 4633 1121
440 4593 447 4632 :
470 4565 578 4656 πηγδς
598 4565 636 4654 δη
659 4560 758 4652 λογων
778 4560 949 4653 οἷφθὸνους
966 4567 1189 4655 ἐπηγγέλλετο.
1239 4566 1293 4633 Sic
1321 4590 1384 4655 ego
1413 4569 1497 4633 hunc
1526 4571 1628 4634 locum
1658 4570 1883 4634 constitueram
1911 4571 2013 4634 eiecto

223 4675 378 4739 infinitivo
401 4671 493 4755 ἔχειν,
516 4699 587 4741 cnm
609 4678 731 4741 vanam
751 4677 785 4739 in
807 4676 901 4740 variis
916 4676 1077 4740 codicibus
1099 4676 1205 4740 sedem
1223 4676 1363 4740 haberet.
1399 4676 1470 4741 Nec
1491 4679 1575 4742 enim
1590 4677 1807 4743 huiuscemodi
1823 4677 2012 4741 infinitivum

224 4785 436 4848 necessarium
456 4805 527 4848 csse
549 4785 652 4850 elucet
673 4807 713 4850 ex
735 4786 755 4865 ξ
779 4785 837 4850 156
860 4808 867 4847 :
898 4780 957 4859 τοίς
978 4783 1006 4849 δ’
1026 4775 1177 4861 ἀνοσίους
1197 4775 1318 4858 ταύτας
1336 4779 1449 4863 τέχνας
1475 4780 1559 4868 πρὸς
1577 4781 1652 4861 τοῦς
1672 4785 1763 4861 νίους
1783 4781 2013 4869 ἐπαγγέλλεται

223 4891 290 4955 νυνί
310 4895 378 4956 κατ’
398 4890 488 4970 ἐμοῦ.
532 4891 627 4956 Nunc
647 4915 667 4957 a
689 4893 738 4979 Te
770 4891 863 4957 video
892 4893 1082 4956 infinitivum
1111 4893 1197 4957 illum
1223 4891 1353 4978 quidem
1383 4906 1559 4973 servatum,
1589 4907 1624 4959 at
1656 4897 1791 4959 eiectum
1819 4892 2010 4957 adiectivuus

223 4991 407 5084 α’φθὸνους,
441 5001 516 5085 quia
536 5001 647 5085 copiae
667 5011 699 5065 et
718 5000 873 5064 ubertatis
895 5001 981 5063 notio
1010 5000 1108 5063 multo
1137 4999 1249 5063 melius
1276 4998 1381 5062 inesse
1411 4997 1556 5065 rideatur
1576 5002 1606 5064 in
1626 5002 1739 5086 πηγαί.
1786 4998 1944 5085 Equidem
1965 5000 2013 5063 sic

224 5116 328 5170 statim
351 5127 359 5168 ι
381 5105 631 5170 Demosthenem
652 5112 718 5170 sion
738 5106 834 5170 modo
856 5107 960 5170 fontes
981 5116 1037 5170 aut
1058 5107 1191 5193 copiam,
1212 5106 1270 5171 sed
1285 5129 1446 5194 per-sums
1465 5106 1571 5172 fontes
1602 5119 1635 5171 ct
1658 5109 1833 5172 inmensam
1861 5106 2012 5171 orationis

223 5213 402 5276 ubertatem
425 5214 618 5297 promisisse.

1765 5312 1811 5376 η*
