4710 5910
1165 367 1185 431 6

283 574 348 630 tum
370 565 477 629 multis
498 564 604 629 verbis
626 566 836 630 calamitatem
857 565 992 629 hominis
1018 565 1157 630 iudicum
1180 567 1292 629 animis
1314 564 1465 629 inculcatl
1510 564 1621 629 Paullo
1644 575 1717 630 ante
1740 565 1864 630 dixerat
1878 566 2071 649 Arignotnm

282 674 383 737 oculis
405 684 532 760 captum
555 673 665 754 fuisse,
688 696 763 738 mox
793 694 856 736 non
885 673 1000 737 sufficit
1028 673 1280 736 recordationem
1311 671 1402 736 huius
1430 671 1505 736 mali
1531 692 1700 736 renovasse
1730 671 1787 736 sed
1810 671 1940 756 exponit
1969 672 2071 753 slmnl,

284 801 380 866 quam
401 778 477 843 illud
497 779 609 844 sedern
630 779 785 861 babuerit,
807 802 867 843 nec
879 780 941 844 boc
954 781 1031 844 satis
1047 789 1118 844 est:
1133 800 1299 843 monemur
1314 781 1409 843 stiam
1423 778 1500 842 illud
1512 779 1628 842 malum
1642 778 1740 843 fuisse
1755 778 1900 843 morbum
1916 778 2071 843 videlicet

284 888 329 951 at
359 909 422 972 quo
452 886 529 951 istas
552 886 733 972 ambages?
776 886 863 952 Nihil
881 885 980 953 medo
1002 887 1041 951 ad
1064 887 1168 972 ipsum
1187 896 1351 950 auctorem
1373 885 1573 950 referendum
1594 908 1689 972 qnam
1719 886 1780 950 boc
1808 885 1988 970 διεχείριζε
2010 880 2073 951 διδ

282 990 340 1080 τήν
355 988 524 1079 συμφοράν
538 1000 599 1058 τοῦ
612 985 815 1079 Ἀριγνοίτου.
852 992 954 1079 Signa
967 1005 1074 1059 autem
1090 992 1325 1080 depravationis
1336 993 1416 1056 haec
1430 1002 1506 1056 suut
1520 1016 1527 1055 :
1542 995 1681 1078 primum
1695 995 1728 1057 in
1745 993 1834 1058 codd.
1846 983 2073 1076 Βάδθίνυιαν,

283 1100 316 1166 in
331 1101 362 1165 A
376 1091 468 1166 νόσον
481 1110 592 1183 exstat,
616 1101 731 1166 deinde
755 1096 812 1166 διά
833 1095 886 1186 τήν
907 1093 1084 1167 άοθίνειαν
1105 1091 1227 1186 (νόσον)
1249 1101 1303 1163 καί
1325 1098 1383 1185 την
1401 1096 1573 1184 συμφοράν
1593 1101 1724 1165 articulo
1746 1101 1860 1167 iterato
1875 1102 1992 1167 dictum
2014 1113 2072 1184 est,

286 1209 376 1293 quasi
396 1207 526 1272 morbus
549 1218 581 1271 et
603 1209 764 1274 calamitas
787 1231 827 1274 ex
849 1231 911 1273 uno
933 1208 1017 1272 malo
1039 1217 1202 1273 contmnta
1223 1207 1441 1271 diversissima
1461 1216 1574 1271 natura
1595 1207 1721 1272 fuerint.

367 1313 385 1377 I
408 1315 489 1380 109:
510 1308 593 1378 oillei
613 1317 690 1380 καθ’
712 1308 810 1380 αὐτόν
829 1316 889 1395 μὲν
908 1311 1020 1401 ἅρχων
1039 1315 1165 1400 φαῦλος
1186 1306 1230 1400 ἦν,
1250 1309 1335 1395 μεταλ
1355 1307 1512 1380 πλειόνων
1533 1314 1562 1379 δ’
1583 1309 1738 1402 ἐπιεικής.
1781 1317 1818 1381 In
1841 1317 1932 1381 codd.
1954 1319 1985 1381 A
2007 1340 2014 1380 :
2037 1309 2074 1400 »lv

284 1412 386 1496 οὗτος.
423 1420 657 1508 Corrigendum
679 1424 798 1509 igitur:
820 1413 906 1488 α’λλιί
930 1427 1007 1488 καθ’
1028 1418 1126 1488 αδτδν
1146 1422 1205 1504 μὲν
1227 1415 1334 1507 ἅρχων
1349 1420 1473 1509 φαῦλος
1487 1414 1588 1504 οὗτος,
1601 1415 1685 1504 μετά
1697 1413 1853 1489 πλειόνων
1873 1419 2072 1509 δ’ἐπιεικὴς.

284 1527 403 1596 Similis
426 1528 562 1594 formula
582 1530 699 1615 legitur
720 1530 805 1618 apud
827 1531 921 1596 Dem.
940 1530 1044 1596 XXII
1066 1532 1116 1597 69.
1159 1530 1279 1597 XVIII
1304 1531 1361 1596 136
1383 1560 1421 1586 =
1443 1531 1494 1595 31.
1521 1531 1566 1594 12.

386 1636 403 1701 I
427 1637 485 1701 110
505 1659 513 1700 :
532 1635 654 1717 ταμίας
674 1629 712 1724 ἦν
731 1645 795 1702 ταῖν
813 1643 871 1723 τῆς
887 1642 976 1703 θεοῦ
989 1630 1208 1724 Ἡγήσανδρος
1223 1634 1252 1726 [o‘
1269 1630 1450 1722 Κρωβύλου
1464 1631 1631 1727 &deludat
1646 1632 1804 1704 ἔκλεπτον
1817 1638 1855 1704 dd
1876 1636 1933 1727 της
1945 1633 2074 1714 πόλεως

285 1748 376 1830 κοινῇ
397 1736 453 1808 καί
471 1737 561 1824 μάλα
582 1742 784 1831 φιλεταίρως
805 1744 914 1826 χιλίας
935 1737 1097 1832 δραχμάς.
1142 1746 1211 1810 Iam
1233 1744 1287 1811 diu
1301 1746 1496 1811 auditoribus
1517 1757 1627 1810 notum
1647 1755 1717 1810 erat
1731 1745 1977 1832 Hagesandrum
1993 1745 2073 1812 Cro-

286 1851 351 1936 byli
370 1852 501 1916 fratrem
521 1851 629 1917 fnisse.
682 1851 769 1932 Quid
791 1854 888 1938 igitur
910 1863 975 1917 tam
997 1855 1103 1917 multis
1125 1853 1232 1917 verbis
1254 1876 1333 1939 opus
1366 1852 1442 1917 est?
1486 1855 1538 1918 An
1559 1865 1594 1919 ut
1622 1855 1722 1918 oratio
1750 1854 1953 1937 obscuretur,
1983 1854 2074 1941 quasi

285 1957 400 2022 fratres
420 1958 613 2045 nequissimi,
636 1982 699 2024 non
713 1959 928 2046 Hegesander
948 1983 1019 2025 cum
1035 1961 1206 2025 Timarcho
1229 1960 1408 2047 peculatum
1424 1960 1584 2025 fecerint?
1620 1964 1671 2024 Ac
1685 1960 1780 2047 paulo
1801 1973 1873 2048 post
1888 1960 2074 2048 Pamphilus

285 2067 318 2130 in
339 2067 487 2130 contione
509 2065 702 2132 denuntiat:
736 2059 855 2151 ἄνδρες
884 2062 1056 2154 Ἀθηναῖοι
1063 2119 1072 2151 ,
1107 2066 1301 2134 κλέπτουσιν
1334 2063 1419 2148 ὑμῶν
1451 2062 1532 2154 α’νηρ
1562 2067 1617 2134 καλ
1646 2063 1724 2156 γυνη
1753 2066 1873 2157 [χιλίας
1902 2060 2073 2155 δραχμάς].

285 2171 412 2239 Salsum
434 2172 520 2238 istud
543 2173 661 2239 dictum
683 2176 792 2260 friget,
813 2176 839 2239 si
872 2175 996 2240 adiecto
1029 2177 1089 2240 hoc
1119 2176 1334 2240 additamento
1367 2177 1489 2241 facetus
1523 2178 1624 2241 exitus
1657 2178 1874 2263 reprimatur:
1904 2170 1988 2261 α’νὴρ
2019 2174 2074 2241 καί

285 2273 370 2366 γυνή.
421 2282 492 2348 Νοο
520 2304 675 2346 summam
701 2285 830 2368 argenti
859 2283 1071 2347 Athenienses
1098 2285 1253 2347 mirantur
1283 2282 1339 2346 sed
1368 2284 1481 2347 miram
1509 2284 1693 2348 societatem
1715 2283 1788 2359 παῖς
1809 2276 1890 2370 άνὴρ
1913 2284 1965 2348 καί
1988 2275 2072 2368 γυνή.

286 2389 367 2454 Rem
380 2391 481 2478 ipsam
492 2394 673 2455 narratione
686 2392 886 2477 persequitur
895 2389 1078 2476 Pamphilus
1090 2400 1202 2477 postea
1214 2414 1221 2455 :
1232 2387 1316 2471 μετα
1328 2396 1431 2456 ταῦτα
1442 2386 1483 2475 δη
1498 2381 1621 2476 διεξῄει
1636 2391 1714 2476 περὶ
1728 2395 1788 2456 τοῦ
1801 2383 1997 2476 πράγματος
2007 2389 2073 2456 κτλ.

285 2496 350 2562 Hic
360 2509 526 2563 externum
541 2497 632 2562 nobis
644 2519 709 2561 non
721 2497 810 2562 deest
821 2499 958 2584 signnm.
980 2497 1109 2561 Etenim
1123 2499 1155 2560 in
1167 2496 1259 2561 codd.
1272 2501 1302 2561 A
1313 2500 1420 2563 omnia
1428 2497 1657 2563 interciderunt
1670 2499 1709 2562 ab
1720 2490 1963 2579 θαυμασάντων
1974 2518 2073 2583 usque

285 2603 327 2669 sd
337 2597 422 2690 γυνή.
455 2606 528 2670 Ηοο
539 2605 657 2670 iactom
669 2618 718 2669 ast
729 2604 886 2687 videlicet,
899 2603 984 2693 quod
996 2603 1078 2669 duae
1090 2606 1267 2669 sententiae
1282 2608 1452 2692 pariterue
1466 2607 1610 2670 similiter
1621 2607 1783 2670 desierant
1796 2605 1828 2669 in
1844 2606 1977 2670 verbum
1986 2596 2072 2689 γονή.

285 2711 366 2777 Ιοδο
381 2723 515 2801 apparet
524 2736 565 2778 ne
574 2713 606 2778 in
618 2714 792 2801 archetypo
803 2712 931 2802 quidam
946 2715 979 2777 in
994 2716 1062 2800 ipso
1077 2735 1172 2778 versu
1189 2713 1347 2777 exstitisse
1366 2713 1515 2799 scriptum
1527 2711 1635 2794 χιλίας
1647 2705 1807 2799 δραχμάς,
1832 2712 1890 2777 sed
1902 2714 1963 2777 hoc
1977 2735 2073 2800 supra

284 2818 400 2884 lineam
414 2818 554 2886 additum
573 2821 680 2885 inisse.
704 2820 813 2901 Quare
827 2821 907 2887 baec
921 2824 1020 2886 verba
1033 2822 1066 2884 in
1081 2843 1144 2885 uno
1159 2821 1267 2885 codice
1280 2821 1329 2903 (d)
1342 2820 1465 2902 desunt,
1477 2823 1510 2883 in
1521 2822 1620 2885 altero
1635 2821 1677 2905 (f)
1689 2832 1762 2886 ante
1777 2809 1855 2905 α’νη’ρ
1870 2822 1975 2909 posita
1988 2830 2071 2885 sunt.

384 2926 402 2992 Ι
425 2929 484 2994 114
506 2951 513 2993 :
535 2927 591 2994 καί
612 2919 778 3010 ἐπομόσας
797 2924 874 3005 τούς
893 2923 1023 3015 ὁρκίους
1045 2921 1147 3005 θεούς
1167 2927 1223 2993 καί
1245 2918 1404 3008 ἐξώλειαν
1426 2923 1538 3016 [αύτῷ]
1554 2919 1812 3014 ἐπαρασάμενος.
1856 2927 1896 2992 In
1911 2927 2002 2992 codd.
2018 2930 2072 2991 A:

284 3030 536 3121 ἐπαρασάμενος
555 3033 672 3122 ἑαυτῷ.
715 3035 805 3122 Ergo
827 3036 923 3103 deleri
938 3047 1081 3124 praestat
1094 3037 1155 3101 boc
1169 3057 1354 3124 pronomen.
1391 3034 1487 3114 Quod
1502 3036 1647 3122 quamvis
1667 3035 1830 3101 etiamIII
1843 3036 1884 3100 99
1898 3037 2074 3123 reperiatur

283 3141 318 3207 in
330 3145 393 3208 ista
405 3143 543 3210 formula
558 3166 621 3208 non
636 3145 739 3230 magis
761 3147 975 3210 necessarium
997 3167 1092 3232 quam
1105 3146 1139 3208 in
1154 3143 1289 3207 dictione
1305 3135 1517 3208 111εθανάτου
1529 3143 1677 3224 τιμῶμαι
1692 3143 1732 3208 cf.
1748 3143 1841 3209 Dem.
1856 3142 1975 3210 XVIII
1989 3143 2047 3209 142
2062 3167 2071 3207 :

284 3247 317 3316 τί
337 3238 498 3316 οἴειταῦτ’
518 3243 688 3339 ἐπήραμαι
708 3251 764 3316 καλ
785 3244 989 3338 διετεινάμην
1009 3249 1130 3317 ούτωσὶ
1154 3252 1330 3336 σφοδροῖς,
1359 3251 1471 3340 Eurip.
1492 3251 1563 3340 Iph.
1586 3253 1659 3317 Aul.
1682 3252 1723 3317 60
1745 3274 1753 3315 ι
1778 3244 1898 3336 δρκους
1925 3243 2072 3341 συνάψαι

285 3351 399 3441 δεξιάς
408 3381 444 3425 τε
454 3360 631 3441 συμβαλεῖν
641 3367 825 3447 μνηστῆρας
836 3351 1006 3447 α’λλὴλοιοι
1019 3360 1072 3426 καὶ
1089 3360 1131 3425 δι’
1143 3353 1300 3444 ἐμπύρων
1310 3356 1455 3435 σπονδάς
1469 3362 1620 3424 καθεῖναι
1635 3349 1903 3445 κάπαράσασθαι
1915 3350 1993 3423 τάδε
2006 3357 2071 3425 κτλ.

384 3466 481 3532 1117
505 3491 513 3531 :
541 3462 608 3552 δρῶ
629 3467 666 3532 δὲ
686 3465 831 3544 πολλούς
850 3468 909 3548 μὲν
929 3469 991 3533 τῶν
1019 3467 1184 3554 νεωτέρων
1211 3459 1472 3553 προσέστηκότας
1502 3461 1598 3553 [πρδς
1618 3467 1666 3550 uqi
1687 3466 1854 3552 δικαστηρί
1884 3465 1906 3554 l,
1932 3461 2072 3541 πολλούς

280 3573 318 3640 dd
348 3580 411 3639 τῶν
439 3574 682 3662 πρεσβυτέρων,
717 3565 777 3639 ούκ
804 3567 933 3660 όλίγους
961 3575 997 3641 δὲ
1029 3575 1064 3642 ἐκ
1093 3581 1150 3661 τῆς
1175 3571 1277 3661 ἄλλης
1301 3567 1453 3650 Ἑλλάδος
1474 3569 1731 3658 συνειλεγμένους
1750 3573 1805 3640 ε’πί
1829 3570 1884 3658 τῆν
1903 3564 2071 3658 οἷκρόαοιν.

281 3680 387 3748 Credo
413 3683 609 3746 iuventutem
632 3683 727 3746 etiam
750 3681 790 3746 ad
810 3683 1004 3748 audiendum
1027 3685 1224 3764 convenisse,
1247 3706 1311 3747 non
1333 3683 1427 3747 modo
1450 3682 1489 3746 ad
1517 3682 1666 3746 indicium
1689 3681 1880 3746 adstitisse:
1903 3681 2072 3746 delendum

280 3789 378 3875 igitur
399 3784 484 3871 πρδς
503 3794 554 3872 τῳ·
575 3788 786 3876 δικαστηρίῳ,
809 3789 848 3854 cf.
870 3788 932 3854 III.
957 3793 993 3855 ll
1015 3791 1163 3857 70.120:
1186 3789 1368 3877 παρέστηκε
1391 3787 1430 3854 δὲ
1449 3783 1491 3854 τά
1504 3780 1641 3869 θύματα
1657 3786 1895 3876 [τοῖςβωμοῖς],
1920 3788 2071 3874 Xenopb.

281 3894 358 3982 Cyr.
372 3894 422 3959 VI
437 3898 467 3978 2,
487 3896 523 3960 13
539 3920 546 3959 :
568 3900 710 3982 προεῖπε
731 3895 769 3962 δὲ
787 3901 854 3973 τοῖς
871 3892 1060 3984 ὑπηρέταις,
1075 3897 1130 3964 καὶ
1145 3889 1240 3974 ἄλλος
1254 3899 1288 3964 εί
1301 3920 1352 3973 τις
1365 3888 1518 3978 βούλοιτο
1532 3902 1597 3960 τοῖν
1610 3882 1809 3982 ὁπλοφόρων
1822 3895 2072 3979 προσίστασθαι

280 3998 499 4083 ἀκουσόμενος
515 4008 583 4068 ταῖν
603 3993 718 4088 λόγων,
746 4002 791 4090 μὴ
812 3997 956 4070 κωλύειν.
1009 4005 1101 4070 Plato
1123 4005 1200 4092 Lys.
1221 4005 1346 4072 mlh:
1376 4001 1396 4070 ί
1421 3996 1637 4089 Ἱπποθάλης,
1666 3999 1785 4086 ἐπειδή
1817 4002 1951 4080 πλείους
1981 3997 2072 4088 iniqu

281 4109 531 4197 ἐφισταμένους,
552 4101 684 4189 τούτοις
705 4104 976 4200 ἑπηλυγισάμενος
997 4112 1163 4200 προσέστη
1193 4100 1213 4200 ᾗ
1238 4111 1283 4198 μη“
1311 4108 1394 4198 η’ίετο
1414 4109 1624 4202 κατόψεσθαι
1646 4108 1700 4178 τόν
1720 4105 1825 4178 Λύσιν
1847 4163 1855 4179 .
1881 4165 1887 4178 .
1912 4112 1965 4179 καί
1985 4105 2071 4178 odra

279 4213 467 4306 προσεστιίς
487 4214 639 4306 ἠκροᾶτο.

380 4327 396 4392 l
421 4329 509 4393 119:
531 4331 608 4391 καθ’
631 4324 765 4392 ἕκαστον
794 4321 934 4392 ἐνιαυτόν
962 4323 982 4412 ἡ
1010 4325 1113 4412 βουλή
1135 4328 1239 4392 πωλεῖ
1265 4317 1472 4414 adaequanda
1491 4326 1600 4403 τέλος·
1630 4327 1684 4392 καί
1705 4321 1779 4402 τούς
1801 4329 1998 4412 πριαμένους
2017 4323 2072 4414 [τό

277 4430 381 4524 τίλος]
404 4430 461 4500 ala
482 4429 629 4515 εἰκάζειν
650 4434 718 4502 κτλ.
762 4433 1024 4500 Additamentum
1046 4434 1130 4500 istud
1153 4435 1297 4501 codicum
1320 4437 1495 4501 variauona
1516 4437 1592 4501 satis
1615 4435 1821 4500 convincitur.
1850 4461 1855 4471 ·

380 4543 476 4609 1121
501 4565 510 4605 ε
532 4535 645 4627 ἄνδρες
658 4537 840 4627 Ἀθηναῖοι,
858 4537 1053 4626 τέθραμμαι
1073 4541 1133 4623 μὲν
1153 4539 1189 4608 ἐκ
1210 4539 1329 4619 παιδός
1359 4543 1411 4609 καί
1433 4541 1606 4627 μειρακίου
1633 4542 1713 4630 παρ’
1742 4537 1823 4622 ύμῖν.
1874 4541 1976 4608 Codd.
2009 4544 2071 4606 A:

276 4653 355 4730 μεθ’
378 4644 477 4730 ύμαῖν,
495 4650 612 4715 rectius
629 4648 733 4714 credo.
769 4649 840 4715 Nec
859 4651 944 4714 enim
959 4650 1148 4715 Timarchus
1171 4652 1203 4714 in
1222 4651 1361 4716 iudicum
1383 4652 1490 4732 oculis,
1514 4649 1570 4715 sed
1591 4673 1655 4714 una
1670 4671 1741 4713 cum
1757 4649 1917 4736 plerisque
1932 4648 2069 4714 iudicum

280 4756 433 4824 educatus
453 4758 567 4822 fuerat.
611 4757 783 4822 Diversum
804 4767 852 4821 est
873 4756 958 4844 quod
980 4756 1073 4823 Dcm.
1095 4757 1215 4824 XVIII
1239 4761 1277 4825 10
1299 4759 1374 4823 dicit
1396 4784 1404 4823 :
1427 4749 1467 4824 ου’
1480 4753 1545 4843 γάρ
1568 4752 1688 4822 δίλλοθί
1705 4778 1768 4821 που
1780 4756 1929 4838 βεβίωκα
1950 4752 1971 4841 ἢ
1992 4760 2073 4841 παρ’

279 4857 365 4946 ύμῖν,
387 4886 460 4928 nam
484 4863 582 4927 vitam
615 4863 741 4951 quidem
764 4862 898 4950 degerat
926 4863 1012 4951 apud
1033 4864 1264 4948 Athenienses,
1296 4867 1315 4930 i.
1339 4891 1365 4932 e,
1398 4869 1430 4932 in
1461 4866 1551 4930 urbe.
1593 4864 1732 4929 Prorsus
1754 4865 1855 4931 simile
1878 4876 1926 4930 est
1949 4863 2066 4952 [Bam]

279 4971 379 5037 XXV
400 4971 442 5037 52
461 4994 472 5037 ι
491 4971 572 5052 μεθ’
593 4961 640 5034 ὦν
661 4968 695 5035 οἱ
717 4964 886 5057 ζωγράφοι
902 4965 980 5046 τούς
1002 4965 1135 5051 α’σεβεῖς
1155 4968 1189 5037 ἐν
1202 4966 1319 5040 ’Ἅιδου
1336 4963 1511 5062 γράφουσι,
1529 4970 1613 5056 μετά
1633 4965 1760 5040 τούτων
1780 4969 1999 5060 περιέρχεται.

380 5081 397 5146 I
420 5081 480 5147 122
494 5104 502 5144 ε
515 5102 561 5167 μη
581 5075 642 5167 γάρ
661 5073 713 5146 ότι
734 5075 765 5145 εἰ
785 5078 975 5167 πέπρακταί
994 5104 1027 5146 τι
1049 5078 1129 5171 [μοι]
1148 5073 1279 5159 τούτων,
1302 5077 1372 5146 ἀλλ’
1387 5079 1417 5149 εί
1430 5083 1517 5147 δοκῶ
1532 5078 1606 5164 ύμῖν
1619 5080 1862 5168 παραπλησίως
1875 5079 2070 5163 βεβιωκέναι

278 5188 345 5254 κτλ.
391 5187 520 5253 Variam
541 5188 651 5255 sedem
673 5187 770 5253 habet
790 5209 857 5271 μοι,
879 5191 912 5253 in
935 5192 965 5253 A
988 5213 996 5252 τ
1017 5188 1050 5257 τί
1069 5212 1136 5271 μοι,
1158 5192 1192 5256 1ο
1214 5190 1240 5255 Β
1264 5214 1271 5255 :
1293 5188 1351 5271 μοί
1370 5214 1414 5273 τι,
1435 5192 1540 5278 ipsum
1561 5212 1793 5280 supervacuum
1816 5199 1902 5253 certe
1924 5200 1980 5253 est.
