4710 5910
1150 395 1188 457 13

278 596 378 661 abest.
419 595 505 659 Hinc
526 606 668 682 apparet,
691 594 731 658 ad
752 593 849 659 verba
869 593 922 658 illa
942 588 983 658 od
1002 589 1066 679 γάρ
1089 584 1128 657 ib
1146 583 1344 680 τολμήσαιμι
1366 587 1472 656 εἰπεῖν
1492 615 1511 655 a
1532 591 1738 677 grammatico
1753 589 1890 677 quodam
1907 600 2068 676 tamquam

279 705 596 789 interpretamentum
626 701 819 788 adscriptum
841 723 910 766 esse
937 696 984 776 αίς
1012 696 1113 786 άνὴρ,
1137 700 1196 764 hoc
1217 711 1322 764 autem
1343 699 1595 765 additamentum
1617 723 1636 763 a
1658 699 1770 763 ceteris
1792 697 1941 785 deinceps
1963 720 2067 783 gram⁴

278 811 399 874 maticis
428 807 468 872 ad
499 809 674 895 perfectam
705 807 853 873 videlicet
881 809 1129 872 enuntiationem
1158 808 1318 893 expletum
1348 829 1426 871 esse.
1478 808 1527 870 Ac
1556 808 1625 870 veri
1654 807 1755 870 simile
1777 807 1873 870 etiam
1895 815 1943 869 est
1964 809 1984 887 ᾖ
2008 805 2065 869 147

279 917 469 982 sententiam
490 916 575 980 illam
597 916 665 980 loco
687 917 838 979 incertam
860 912 1067 999 συγκατάγειν
1087 914 1124 979 δὲ
1140 909 1193 979 τὸν
1214 914 1312 996 δῆμον
1333 903 1448 997 ὥσπερ
1468 912 1522 978 καί
1543 908 1640 996 ὀλίγῳ
1663 903 1824 997 πρότερον
1844 904 1937 977 εἶπον
1962 912 2067 977 fictam

279 1046 349 1088 esse
372 1023 413 1087 ad
434 1022 559 1087 laudem
580 1023 666 1086 illam
686 1045 748 1109 qua
769 1026 790 1105 ξ
811 1023 851 1089 78
871 1023 1048 1087 Aeschines
1069 1033 1192 1109 patrem
1214 1023 1329 1087 extulit
1357 1017 1456 1107 ἔφυγε
1476 1021 1535 1102 μὲν
1555 1016 1610 1086 ἐπί
1632 1021 1697 1084 τῶν
1715 1012 1889 1105 τριάκοντα
1910 1010 2069 1105 συγκατή-

279 1152 355 1215 γαγε
377 1129 412 1195 δὲ
434 1125 486 1194 τόν
507 1130 617 1218 δῆμον.

381 1236 512 1304 11163:
535 1237 711 1324 σκέψασθε
731 1229 793 1320 γάρ
814 1227 998 1321 ἀφροσύνην
1018 1230 1073 1302 καί
1093 1232 1314 1301 ἀπαιδευσίαν
1332 1227 1542 1323 τάνθραίπου,
1563 1225 1603 1312 ὃς
1622 1242 1770 1301 τοιοῦτον
1790 1230 1914 1302 ἔπλασε
1934 1226 1971 1300 sd
1989 1235 2069 1318 περί

277 1341 334 1432 την
352 1339 522 1411 Ὀλυνθίαν
542 1349 677 1429 γυναῖκα
699 1343 827 1432 ψεῦδος
848 1345 914 1408 κατ’
937 1338 1031 1425 ἐμοῦ,
1054 1341 1107 1430 ἐφ’
1129 1335 1158 1429 ᾦ
1178 1341 1304 1425 μεταξά
1323 1343 1383 1426 μὲν
1403 1343 1501 1427 λέγων
1520 1339 1575 1428 ὑφ’
1597 1340 1686 1423 ὑμῶν
1706 1339 1872 1429 ἐξερρίφη.
1915 1341 2067 1408 Concedo

278 1450 362 1532 Tibi,
385 1452 468 1538 quod
484 1450 685 1537 Hirschigius
706 1451 986 1516 commendaverat
1006 1445 1184 1532 ἐπλάσατο,
1206 1453 1348 1538 recipere
1371 1474 1421 1516 me
1443 1451 1600 1515 debuisse.
1634 1453 1678 1516 At
1698 1453 1796 1515 miror
1811 1451 1859 1516 Te
1881 1442 1946 1514 non
1968 1451 2069 1536 magis

278 1581 328 1622 me
357 1560 429 1644 ipso
458 1560 611 1641 sensisse,
644 1558 774 1622 insititio
802 1579 871 1622 esse
893 1560 982 1623 ista:
1012 1553 1049 1623 τδ
1067 1552 1147 1642 περί
1165 1555 1221 1643 την
1241 1549 1409 1624 Ὀλυνθίαν
1428 1562 1562 1642 γυναῖκα
1583 1559 1718 1645 ψεῦδος.
1762 1558 1846 1624 Nam
1868 1559 1928 1622 hoc
1948 1557 2069 1622 addita·

277 1676 420 1730 mentum
443 1676 526 1730 stare
548 1688 611 1729 non
634 1674 747 1752 potest,
769 1665 830 1729 nisi
852 1689 1026 1752 pronomen
1049 1665 1296 1752 praedicativum
1317 1667 1444 1731 τοιαῦτα
1465 1677 1519 1731 aut
1533 1661 1620 1731 uisse
1641 1677 1695 1732 aut
1715 1664 1766 1751 ἐφ’
1780 1662 1838 1748 οἵῳ
1859 1665 2070 1750 subsequatur

278 1795 348 1836 curn
371 1772 534 1837 infinitivo.
578 1772 639 1836 Est
661 1773 757 1857 igitur
778 1773 839 1836 hoc
861 1773 1016 1837 emblema
1037 1774 1253 1838 resecandum.
1296 1773 1402 1861 Ipsius
1423 1776 1469 1839 rei
1489 1784 1669 1839 accuratam
1691 1775 1874 1839 memoriam
1895 1775 1959 1837 iam
1981 1771 2067 1836 audi·

277 1881 379 1946 vimus
402 1884 422 1963 5
443 1881 473 1965 4,
494 1881 547 1944 ubi
569 1880 669 1944 verba
691 1879 744 1946 καί
767 1875 805 1946 td
824 1879 914 1965 γένος
933 1875 1098 1945 Ὀλυνθίαν
1120 1902 1247 1945 servare
1268 1880 1384 1944 malim.

376 1986 411 2051 Π
434 1988 491 2053 177
515 2011 523 2051 :
553 1982 601 2063 εἰς
629 1982 703 2062 τούς
732 1978 888 2068 ἐσχάτους
914 1984 1006 2073 ημιδν
1026 1985 1194 2064 κινδύνους
1213 1987 1271 2075 την
1293 1984 1390 2053 πάλιν
1412 1992 1600 2054 καθιστᾶσι.
1651 1987 1786 2053 Mirifica
1805 1990 1866 2053 ista
1886 1988 2069 2052 traiectione

279 2095 400 2159 sublata
422 2103 455 2158 et
474 2093 585 2159 ordine
607 2095 778 2159 verborum
806 2095 939 2182 simplici
961 2098 1101 2182 reposito
1123 2096 1304 2182 scripsisti:
1332 2091 1382 2170 εἰς
1409 2093 1484 2172 τοὺς
1512 2087 1669 2177 ἐσχάτους
1700 2087 1864 2170 κινδάνονς
1891 2090 1948 2181 την
1977 2085 2072 2159 πόλιν

278 2199 365 2288 ἡμῶν
384 2207 574 2268 καθιστᾶσι.
612 2201 678 2267 Cur
699 2212 805 2267 autem
828 2202 1074 2266 Atheniensium
1093 2203 1321 2289 rempublicam
1343 2203 1470 2290 proprio
1492 2204 1590 2268 verbo
1612 2201 1806 2267 efferendam
1828 2203 1958 2288 putavit,
1981 2203 2071 2288 quasi

278 2311 409 2375 aliorum
443 2309 622 2375 civitatibus
653 2312 813 2375 contraria
844 2311 962 2397 opponi
994 2309 1152 2374 deberet?
1208 2308 1366 2375 Omnibus
1404 2332 1486 2396 quae
1516 2310 1610 2397 paulo
1642 2320 1714 2374 ants
1745 2309 1908 2392 disseruit,
1940 2311 1979 2374 de
2008 2332 2072 2373 una

279 2418 521 2483 Atheniensium
543 2417 705 2504 republica
730 2419 844 2504 agitur.
896 2415 978 2482 Cum
999 2427 1104 2481 autern
1127 2438 1376 2504 saepenumero
1398 2417 1430 2480 in
1452 2418 1621 2481 Aeschinis
1644 2417 1804 2483 codicibus
1825 2411 1911 2502 ἡμῶν
1933 2427 1965 2482 et
1986 2412 2070 2502 ἡμῖν,

279 2519 368 2605 ὑμῶν
382 2535 414 2590 et
436 2519 511 2605 ὑμῖν
531 2534 709 2610 permutata
731 2546 801 2589 esse
822 2523 958 2606 videam,
981 2523 1019 2588 cf.
1035 2545 1124 2587 meae
1140 2523 1187 2587 ed.
1204 2547 1235 2610 p.
1253 2525 1320 2606 126,
1336 2525 1365 2605 4,
1388 2524 1464 2587 nihil
1486 2546 1547 2610 ego
1568 2524 1630 2589 iam
1653 2523 1762 2589 dubito
1784 2527 1861 2612 quin
1882 2525 2070 2589 restituam:

280 2627 328 2707 εἰς
349 2627 424 2706 τούς
444 2626 601 2712 ἐσχάτους
621 2627 696 2716 ἡμῖν
717 2621 882 2707 κινδύνους
902 2625 958 2714 τήν
978 2623 1072 2697 πόλιν
1094 2635 1282 2696 καθιστᾶσι.

378 2738 414 2804 H
439 2740 496 2805 152
518 2761 525 2802 :
549 2739 653 2803 ποίων
680 2729 857 2824 κρατηθείς
877 2733 1021 2823 ηδσναῐνς
1052 2738 1103 2802 lbi
1124 2739 1240 2802 rectius
1262 2739 1482 2825 proposuisti:
1514 2735 1622 2803 ποίων
1642 2733 1797 2825 ἡττηθείς
1817 2733 1947 2825 ἡδονάν.
2004 2736 2070 2803 Sed

277 2846 440 2910 fortiorem
463 2846 611 2931 vulgatas
633 2848 807 2911 orationem
829 2846 1002 2928 tuebimur,
1032 2847 1057 2910 si
1079 2847 1315 2934 praepositione
1338 2848 1520 2933 praeposita
1541 2846 1715 2911 scribamus
1737 2869 1745 2909 :
1769 2841 1835 2910 άπὸ
1857 2844 1961 2912 ποίων
1982 2869 2069 2931 κρα-

277 2953 393 3040 τηθείς
421 2947 553 3040 ἦδονῶν;
587 2952 729 3018 Similem
752 2953 784 3016 in
806 2952 934 3016 modum
959 2953 1093 3017 similem
1114 2955 1302 3020 sententiam
1324 2954 1437 3018 extulit
1459 2953 1634 3020 Aeschines
1656 2952 1672 3017 l
1693 2954 1763 3018 42:
1796 2947 1852 3038 ὐφ’
1873 2943 1919 3017 ὦν
1939 2943 2071 3030 σάδενδς

278 3066 446 3147 κρατεῖται
467 3058 504 3127 τδ
524 3064 666 3145 γενναῖον
687 3061 741 3126 καί
764 3054 951 3146 ἐλεύθερον,
974 3061 1028 3126 ubi
1050 3071 1169 3127 temere
1190 3084 1293 3149 nuper
1315 3061 1399 3126 edidi
1420 3055 1618 3148 ἐλευθέριον.

378 3169 571 3233 Aeschinem
592 3168 733 3233 lectitare
756 3180 788 3234 et
810 3169 978 3234 emendare
1000 3191 1064 3233 non
1086 3170 1161 3233 licet
1183 3170 1243 3233 nisi
1263 3169 1355 3233 simul
1376 3191 1446 3232 cum
1469 3168 1546 3232 alias
1570 3167 1794 3232 Demosthenis
1828 3167 1987 3232 orationes
2003 3176 2072 3233 tum

279 3277 380 3363 ipsam
395 3276 563 3341 Aeschinis
585 3278 817 3342 accusationem
839 3278 1015 3341 accuratius
1038 3278 1291 3362 pertractaveris.
1334 3275 1414 3339 Inde
1436 3276 1554 3340 factum
1578 3286 1633 3357 est,
1656 3286 1691 3339 ut
1711 3275 1788 3338 mihi
1803 3274 2069 3340 Demosthenicae

279 3383 398 3469 aliquot
419 3382 655 3447 emendationes
677 3383 960 3466 subnascersntur,
992 3406 1071 3470 quas
1105 3393 1257 3470 quantum
1288 3381 1330 3447 ad
1350 3381 1436 3447 XIX
1467 3383 1640 3448 orationem
1669 3385 1831 3469 pertinent
1852 3381 1974 3447 Tecum
1996 3406 2070 3447 con·

278 3493 439 3554 municare
467 3511 604 3576 aequum
630 3502 687 3556 est.
740 3490 836 3556 Hand
863 3513 967 3578 pauca
995 3492 1078 3554 enim
1108 3500 1335 3555 commentatus
1362 3512 1431 3554 sum
1453 3489 1524 3554 Tuo
1554 3513 1655 3579 nuper
1685 3490 1849 3578 spicilegio
1879 3501 2002 3554 erectus
2033 3510 2071 3554 ac

280 3599 462 3663 delectatus.

378 3711 398 3788 ξ
419 3706 463 3770 6:
482 3703 537 3771 καί
557 3699 619 3790 μην
639 3705 714 3788 περί
738 3695 780 3769 ὧν
799 3728 835 3789 γε
859 3695 1079 3791 προσετάξατ’
1094 3701 1199 3771 εἰπεῖν
1219 3695 1238 3791 ἢ
1260 3704 1387 3790 πράξαν
1400 3702 1454 3768 καί
1470 3692 1648 3790 διαρρήδην
1663 3697 1883 3791 ἐψηφίσασθε
1898 3700 2070 3791 [ποιῆσαι],

278 3807 438 3899 προσήκει
460 3812 662 3901 διωκηκίναι.
705 3811 846 3877 Verbum
868 3819 1007 3898 ποιῆσαι
1029 3835 1158 3900 prorsus
1181 3833 1410 3899 supervacuum
1432 3809 1617 3896 adscripsit,
1639 3813 1693 3897 qui
1716 3810 1850 3876 dcccxciv
1871 3833 1941 3876 cum
1965 3805 2071 3876 εἰπεῖν

277 3915 298 4008 ἢ
319 3920 446 4005 πράξαν
468 3919 648 4006 discrepare
669 3929 756 3984 ratus
780 3920 858 3984 baec
879 3922 949 4007 ipsa
970 3920 1068 3984 verba
1090 3919 1250 4007 explicare
1272 3919 1424 4000 studeret,
1447 3919 1487 3982 cf.
1509 3922 1529 4000 ξ
1552 3919 1580 3983 8.
1601 3920 1650 3984 37.

379 4027 491 4109 536:
522 4027 574 4091 καί
604 4019 689 4105 μετά
708 4029 798 4091 ταῦτ’
818 4018 1064 4111 άνεγιγνάσκετο
1084 4023 1104 4113 ἦ
1125 4023 1280 4114 ἐπιστολή
1301 4020 1432 4111 ἡπαρά
1451 4027 1508 4091 τοῦ
1530 4022 1715 4109 Φιλίππου,
1747 4017 1784 4114 ἢν
1810 4017 1907 4102 οὗτος
1927 4021 2071 4113 ἔγραψεν

279 4129 503 4222 άπολειφθείς
516 4129 611 4218 ἡμῶν,
634 4129 785 4219 άντικρυς
799 4128 902 4211 οὕτως
924 4128 991 4223 [καί
1004 4127 1189 4224 διαρρήδην]
1212 4130 1374 4220 άπολογία
1393 4133 1594 4221 γεγραμμένη
1607 4140 1672 4199 ταῖν
1685 4126 1812 4212 τσάτοις
1833 4130 2069 4221 ἡμαρτημένων.

280 4241 365 4306 Satis
386 4254 453 4306 erat
473 4236 621 4329 άντικρυς
642 4234 764 4325 οὕτως,
793 4243 833 4306 cf.
856 4243 1152 4308 Herodian.1183l
1175 4243 1241 4328 (L.)
1264 4266 1272 4306 :
1293 4241 1330 4308 τδ
1350 4241 1409 4322 μέν
1426 4242 1488 4327 γάρ
1510 4237 1662 4328 άντικρυς
1679 4237 1721 4308 τά
1741 4248 1889 4328 φανερῶς
1911 4242 2069 4328 σημαίνει.

280 4345 343 4425 Qui
364 4359 469 4414 autem
492 4359 629 4414 mentem
652 4371 740 4413 suam
761 4349 850 4414 λανδ
866 4351 1018 4437 μετρίοισι
1039 4353 1202 4438 aperuisse
1223 4349 1345 4434 dicitur,
1367 4371 1439 4414 sum
1460 4349 1545 4414 haud
1565 4350 1656 4415 facile
1679 4351 1771 4415 simul
1793 4350 1908 4415 diserte
1928 4350 2068 4415 locutum

280 4477 360 4542 quae
381 4457 516 4521 senserit
536 4457 710 4542 praedicari
734 4468 847 4544 potest.

379 4564 492 4644 §372
522 4556 592 4628 ἀλλ’
614 4559 698 4649 ὑπὲρ
727 4564 786 4645 μίν
813 4555 858 4630 ὧν
885 4560 979 4648 παρά
1008 4558 1128 4630 τούτων
1153 4560 1237 4647 ὑμᾶς
1267 4560 1333 4630 ἔδει
1362 4562 1450 4650 δίκην
1469 4554 1648 4647 λαμβάνειν
1667 4558 1709 4629 ου’
1729 4553 1954 4650 πεποιηκότων
1982 4554 2069 4652 [odet

280 4660 504 4758 διῳκηκότων]
537 4665 630 4737 οὐδὲν
657 4662 701 4735 ὧν
732 4668 825 4754 ὑμεῖς
851 4664 1078 4758 προσετάξατε
1109 4668 1159 4760 [ἐν
1184 4678 1233 4757 τῷ
1261 4670 1485 4761 ψηφίσματι],
1526 4671 1644 4748 ἐκεῖνος
1671 4667 1839 4753 ἐκδέχεται
1863 4669 1920 4758 την
1954 4668 2069 4737 αἰτίαν.

278 4776 460 4865 Utrumque
480 4778 731 4845 additamentum
746 4781 991 4846 concinnitatem
1007 4782 1158 4845 orationis
1173 4780 1326 4864 dissolvit,
1348 4781 1525 4846 rhetoricas
1539 4780 1775 4869 amplificationi
1789 4779 1876 4844 locus
1891 4790 1939 4844 est
1952 4780 2067 4845 nullus.

379 4887 491 4968 sol:
524 4877 594 4952 άλλ’
612 4882 668 4952 ἳνα
698 4875 721 4952 ii
750 4875 930 4968 ἐβούλεσθε
961 4879 1103 4968 οἰόμενοι
1133 4878 1273 4972 πράξειν
1303 4883 1400 4955 αάτδν
1428 4887 1530 4976 μηδὲν
1561 4887 1701 4953 ἐναντίω
1733 4885 1948 4975 ψηφίσαισθε
1976 4882 2070 4972 αάτρί

282 4989 367 5079 [μηδ’
388 4986 588 5084 άμάναιντο],
615 4995 689 5082 μηδ’
711 4990 872 5077 άντίχσιεν
893 4993 928 5061 σί
949 4999 1078 5071 Φωκεῖς
1099 4993 1155 5063 ἐπί
1176 5000 1249 5072 ταῖς
1268 5000 1347 5082 παρ’
1368 4991 1456 5075 ὑμῶν
1476 4994 1685 5077 ἑπανίχοντες
1707 4994 1843 5063 ἐλπίσιν.
1896 4995 2068 5060 Rhetorica

279 5100 383 5186 ligura
405 5096 578 5188 (άντίχοιεν
590 5139 631 5150 -
647 5098 867 5188 ἐπανέχοντες)
889 5103 963 5167 satis
979 5103 1118 5167 ostendit
1131 5103 1361 5191 interpretandi
1376 5102 1490 5188 studio,
1512 5127 1577 5169 non
1591 5105 1726 5169 rhetoris
1741 5104 1871 5168 consilio
1891 5091 2068 5184 άμδναιντσ

279 5219 383 5273 ortum
406 5231 486 5276 esse.
